1928 3518
108 183 181 249 266
222 176 567 251 Pmoosoeuffl
591 176 806 252 Osismis.

107 289 243 353 nempe„
268 274 302 335 in
323 273 415 335 hortis
438 273 540 336 dicatis
560 273 644 337 idolo
658 276 742 355 quod
759 290 819 340 crat
843 275 907 357 post

107 350 295 434 Templum,
309 354 583 443 subintelligendum
600 359 699 437 enim,
716 360 756 421 ait
767 357 908 446 Joseplsus

106 435 247 521 Scaliger,
267 438 419 523 Templum
428 440 502 523 poni
516 433 676 523 Templum.

44 544 47 551 ·
145 517 252 581 Adonis
268 539 382 584 nomen
397 522 545 586 derivatur
560 525 596 585 ab
615 537 676 609 ms
695 521 777 586 Adon
792 521 909 588 Domi·

109 621 174 667 nus.
213 600 328 666 Adonin
343 621 464 685 autem,
492 608 531 669 ait
548 603 726 670 Macrobius
742 607 800 685 (c)
813 607 909 668 Solem

107 682 159 767 ff
174 706 229 747 scon
245 686 414 768 dubitatur,
434 689 558 773 iuspelld
564 688 906 776 Religionetlsj’riorum,

108 768 189 853 apud
209 769 409 853 quos-Veneris
423 770 581 833 Architidis
596 773 636 842 ὅ
650 769 758 832 Adonis
772 774 908 835 maxima

110 852 177 912 olim
192 853 337 913 veneratio
353 853 471 937 viguit,
499 873 586 939 quam
603 875 683 915 nunc
696 853 844 915 Phunices
865 872 908 918 te·

108 948 185 995 nent.
207 930 292 993 Nam
308 933 422 1011 Physici
436 951 522 996 terre
527 936 661 1019 superius
669 934 765 1014 hemis
775 935 907 1017 hcrium,

65 1020 67 1025 ’
107 1014 189 1096 cujus
196 1030 314 1100 purtem
328 1010 500 1097 incolimus,
528 1017 647 1082 Veneris
662 952 850 1103 appelitione
865 1043 909 1081 co-

108 1096 226 1161 luerunt
240 1144 250 1178 ,
278 1098 399 1176 inferius
414 1098 720 1185 veri-hemispherium
733 1118 818 1164 terre
831 1101 908 1163 Pro-

101 1183 249 1327 sterlinum
264 1199 449 1245 vocaverunt.
493 1183 572 1268 Ergo
595 1185 676 1267 apud
685 1182 825 1269 Asyrios,
838 1182 906 1260 five

110 1264 140 1327 P
161 1264 276 1346 senices,
296 1264 328 1328 lu
346 1287 394 1325 ens
408 1266 557 1328 inducitur
575 1262 659 1345 Dea,
680 1265 755 1350 quod
759 1266 808 1327 Sol
813 1287 909 1329 annuo

104 1346 202 1434 grffs
219 1362 281 1431 ¹per
326 1348 453 1421 uodecim
472 1345 621 1431 fignorum
642 1348 769 1410 ordinem
785 1363 911 1437 pergens

105 1445 224 1515 partem
238 1449 347 1514 quoque
359 1428 556 1515 ¹hemispherii
571 1429 714 1506 inferioris
728 1430 910 1513 ingreditnr3

111 1514 181 1598 quia
202 1510 236 1572 de
258 1512 403 1573 duodecim
418 1511 510 1597 signis
528 1509 647 1574 Zodiusi
661 1513 719 1592 sex
730 1513 906 1606 superiora,

102 1597 161 1674 sex
174 1594 311 1672 inferiora
324 1596 479 1675 censentur.
520 1595 565 1659 Et
579 1595 644 1656 crim
659 1595 696 1677 est
712 1595 743 1656 in
764 1596 909 1674 tuseriori-

112 1678 180 1759 bus,
201 1675 242 1748 ὼ)
258 1677 319 1739 idel
332 1678 392 1738 dies
409 1679 549 1739 breviores
559 1678 653 1758 sacit,
673 1677 772 1764 lugere
778 1678 907 1740 creditur

112 1759 199 1837 Dece,
219 1775 368 1902 tamquam
377 1760 438 1821 Sole
446 1776 532 1845 raptu
539 1760 640 1822 mortis
651 1759 814 1845 temporalis
821 1761 906 1839 umis

24 1912 27 1919 ¹
103 1844 158 1922 so,
180 1838 254 1911 &d
298 1841 370 1919 roser
389 1842 440 1901 ina
452 1858 577 1920 retento,
598 1861 686 1924 quam
701 1865 808 1904 numen
819 1857 906 1904 terre

112 1922 255 2000 inferioris
276 1855 626 2009 circui&,tlnts'psdum
643 1923 783 1985 diximus.
819 1923 908 1987 Rur-

111 2008 231 2091 ss'ssuque
251 2002 368 2067 Adonin
390 2004 534 2068 redditum
550 2004 662 2071 Veneri
684 2007 761 2067 credi
776 2005 878 2069 volunt
895 2054 904 2087 ,

112 2089 178 2153 cum
193 2086 256 2168 Sol,
277 2086 540 2176 evedlicssxſsgnis
556 2088 660 2149 annuis
675 2088 818 2165 inserioris
832 2090 908 2150 ordi·

112 2174 175 2252 nis,
194 2173 296 2257 incipit
309 2172 395 2254 nostri
410 2173 511 2234 circuli
511 2171 646 2325 ἕβνανε
661 2169 908 2255 hemispherium,

113 2278 179 2316 cum
193 2256 365 2316 incremento
379 2253 496 2316 luminis
566 2255 688 2315 dierum.
771 2280 775 2288 ·

149 2333 524 2400 'Ultimum‘fimulscrum
537 2334 616 2400 Solis
642 2335 908 2413 ovisHeliopolitae

112 2417 421 2500 nomineinfign'itum
434 2430 503 2480 erat.
541 2417 575 2479 A
611 2419 650 2478 rii
671 2435 778 2498 quoque
793 2414 906 2495 Solem,

113 2502 153 2565 ait
166 2499 246 2564 idem
258 2495 409 2579 scriptor,
427 2499 494 2578 (d)
499 2499 558 2577 sub
597 2501 658 2559 ovis
671 2497 798 2571 nomine,
818 2513 906 2576 quem

110 2583 168 2640 Aius
179 2576 370 2638 u'nmslauo
390 2580 603 2665 cognominum,
623 2577 760 2640 maximis
780 2577 909 2641 cerimo-

106 2670 173 2733 niis
187 2665 346 2744 celebrurt,
366 2661 398 2724 in
417 2660 536 2723 civitate
549 2684 612 2746 que
620 2657 779 2743 Heliopolis
795 2680 909 2725 nuncu-

106 2768 210 2837 patur.
250 2746 324 2831 Ejus
338 2740 398 2807 Dei
402 2738 595 2821 simulacrum
601 2740 736 2820 sumtum
753 2741 791 2823 esl
808 2743 842 2803 de
863 2763 910 2833 op-

107 2836 177 2920 piu
184 2831 306 2924 AEgypti
320 2826 394 2916 quod
407 2824 446 2898 &³
461 2825 552 2911 ipsum
566 2821 722 2908 Heliopolis
736 2825 908 2913 appellatur,

114 2909 252 3005 regdante
276 2914 356 3004 apud
377 2905 525 2999 AEgyptios
547 2906 728 2988 Seuemure,
757 2912 812 2991 seu
824 2910 909 3053 idem

844 3012 911 3055 ene·

150 3091 197 3161 (s)
213 3085 412 3148 semissibus
423 3096 520 3155 αμι.
549 3083 603 3153 (o)
619 3081 681 3143 lbid.
690 3093 787 3157 capus
