1928 3518
714 39 941 51 ““-·“”-“““Ι“

170 246 491 317 ΡΝευΜΑτοι.
517 247 637 323 Sall-l,
658 240 779 317 CIV.
829 269 876 333 29

82 360 209 425 quoque
221 354 405 418 momento,
425 360 490 421 quo
512 359 592 403 nov-a
605 340 746 418 inciperet
768 339 881 422 cogita-

83 429 147 503 t10‚
164 422 285 501 Meus,
309 443 376 504 qnae
391 420 424 484 el
440 426 668 503 percelleretur,
695 419 765 484 ess'et
786 422 879 486 veruti

84 526 167 572 nova
179 504 297 585 Mene,
310 525 377 585 qnae
392 519 460 567 tum
474 503 600 567 exsrstere
614 504 773 583 inciperet3
803 502 878 569 crim

82 591 228 670 praeteritae
244 586 486 651 exsrstentiae-non
500 588 717 664 recordaretur,
737 587 877 666 &proin-

82 670 164 735 dese
177 668 401 748 tuncptimum
414 667 622 732 effecrederet,
660 665 751 748 Igitur.
764 670 816 748 i'r,
840 687 877 735 ex
921 663 930 685 ’

77 772 215 837 quorum
241 750 385 815 sententia
411 753 559 815 memoria
579 749 603 814 ὲ.
617 755 737 813 cerebro
755 750 881 829 prorsus,

79 834 209 916 pendet,
221 832 346 897 Mentes
352 833 492 913 separatas
499 835 649 898 inferiores
657 830 774 912 prorsus
781 828 878 895 Meu-

82 920 160 983 tibus
174 914 345 997 conjunelis
355 915 472 978 faciunt
482 936 500 993 ;,
520 916 604 997 quod
619 928 721 979 tamen
735 918 879 996 nollent,

82 1002 192 1145 quippe
206 1001 259 1079 qui
273 996 417 1062 Mentem
430 996 585 1079 &corpore
602 997 757 1079 prepediti.
765 995 879 1063 dictita·

82 1104 115 1147 re
143 1087 244 1144 olent..

131 1178 188 1238 ¹5··
203 1162 241 1226 si·
252 1160 476 1227 cmtendantse
491 1160 647 1229 Mennus
660 1161 798 1245 ejannrs
812 1182 879 1228 me·

86 1245 220 1309 moriam
233 1245 356 1306 tribuere
369 1243 385 1306 l
401 1263 526 1326 corpore
541 1243 668 1309 minim?
681 1247 878 1325 pendentem,
891 1282 896 1289 ·

86 1326 217 1392 doceant
231 1345 286 1389 nos
304 1339 419 1405 oportet
425 1328 586 1408 quomodo
596 1326 707 1408 Mena,
728 1329 880 1390 dumeor·

84 1406 328 1493 puri-conjuncta
340 1407 398 1491 est,
419 1429 488 1473 eam
500 1429 568 1474 non-
579 1410 704 1488 habeata
718 1429 812 1492 quam
824 1408 880 1474 sta·

83 1494 143 1558 tim
156 1539 174 1571 ,.
193 1490 210 1554 ὲ
231 1492 338 1555 soluto.
354 1494 485 1571 corporis
503 1495 660 1572 vinculo,
684 1494 814 1558 habitura
834 1490 878 1556 fit.

85 1572 171 1639 sane
208 1574 447 1639 uemadmodum
467 1573 548 1637 certlt
570 1575 682 1638 constat
702 1596 777 1639 eam,
790 1570 879 1637 inclse

86 1657 178 1721 nobr'a
222 1659 377 1737 cultatem,
399 1653 483 1737 aeque
498 1654 554 1718 effe
569 1659 708 1739 ignotum
721 1676 784 1736 quo
792 1653 881 1733 paeto

87 1752 258 1804 exerceatur
278 1738 433 1803 fatendum
453 1734 503 1802 est.
542 1735 657 1818 Neque
669 1736 758 1818 objici
771 1734 881 1819 potest,

86 1842 158 1885 eam
171 1822 278 1901 partim
291 1821 397 1887 saltem
414 1823 447 1883 in
459 1839 583 1901 corpore
602 1821 686 1885 litam
706 1818 779 1903 erse,
804 1838 882 1903 quo·

85 1907 173 1971 niam
186 1901 293 1967 alfano
311 1922 436 1983 corpore
451 1918 601 1982 mutatur3
619 1906 779 1986 namquid
787 1903 881 1968 obstat

107 1984 259 2051 uomimls.
274 1986 414 2049 'dicamus
428 2033 445 2067 ,.
479 2003 597 2067 propter
632 1986 880 2069 conjunclionem

129 2070 205 2132 entis
219 2069 249 2130 δι
260 2066 402 2148 Corporis
416 2115 426 2148 ,
454 2073 621 2148 perturbato
638 2090 784 2149 corpore,
810 2090 881 2148 prae-

85 2154 177 2234 pedr'ri
194 2151 371 2214 facultatum
385 2150 448 2231 ejus
466 2152 571 2214 usum?
591 2149 684 2211 Mens
698 2151 822 2229 quidem
836 2149 883 2211 so-

86 2241 133 2315 la,
154 2232 322 2297 secundum
337 2230 560 2308 R.C'artefium,
580 2233 769 2293 ratiocinatur
785 2251 794 2308 ;
812 2243 884 2293 atta-

86 2336 161 2381 men
178 2317 300 2378 cerebro
314 2317 499 2395 perturbato,
518 2313 791 2379 ratiocinatidefinit
802 2362 818 2395 ,‚
832 2325 883 2379 aut

89 2400 122 2463 iu
138 2400 281 2462 delirium
296 2399 397 2480 agitur.

132 2482 183 2544 16.
203 2476 319 2561 Neque
332 2483 444 2543 mirum
458 2481 516 2544 ulll
527 2479 626 2545 viders
633 2496 741 2564 queat,
769 2482 791 2546 fi
804 2481 884 2545 dica·

91 2585 158 2627 mus
173 2562 263 2627 ineffe
278 2560 379 2626 Menti
386 2562 683 2645 nostraefacultatem,
705 2581 883 2647 quamquo·

92 2646 187 2710 modo
203 2658 335 2708 exerceat
350 2645 457 2724 nescit3
477 2646 722 2728 quandoquidem
738 2646 811 2708 cum
830 2662 884 2705 ne.-

92 2730 166 2791 mini
188 2727 315 2791 dubium
337 2728 395 2808 fit,
433 2731 507 2809 quin
528 2731 703 2808 percipiendi
724 2729 888 2805 facultate,

93 2809 145 2871 seu
160 2809 315 2873 Intellceln
330 2809 362 2872 fit
377 2814 494 2889 praedita
508 2858 521 2889 ,.
537 2830 630 2873 nemo
644 2811 777 2872 idearum
794 2807 819 2868 ei
834 2807 888 2871 ob-

95 2890 273 2956 versantium
289 2906 441 2972 naturam,
463 2894 654 2971 modumque
669 2910 731 2970 quo
748 2893 887 2955 casintel-

91 2975 174 3065 ligit,
193 2976 290 3038 adhuc
306 2993 379 3037 cum
395 2978 493 3057 aliqua
506 2973 888 3057 verifimllitudinearplica-

91 3077 122 3121 re
136 3059 244 3139 potnit.

499 3134 525 3199 B
548 3155 564 3220 3
787 3147 834 3208 17.
857 3130 888 3196 Si
