1928 3518
96 180 178 259 '142
203 157 529 233 Pneurunuou.
547 150 865 237 nurnclvm.

105 274 216 323 nature
243 254 404 335 quidquam
432 256 495 319 fieri
522 252 604 335 porse
631 266 740 338 negant
761 259 799 321 ab
819 260 900 338 ullo,

105 342 157 404 niti
172 345 207 403 ab
222 336 284 416 ejus
304 337 466 401 institutore
483 336 593 419 De0.‚‚
609 336 675 400 ime
697 339 726 402 &
740 343 900 425 potentiam

105 420 248 502 inira-itam
283 419 321 481 ud
356 423 540 485 miraculum
574 420 727 485 edendum
762 422 902 502 postulari

102 519 193 568 arunt.

147 608 195 649 11.
216 587 297 652 Non
312 590 516 672 negaverimus
532 588 686 650 innumera
699 588 846 652 miracula
861 591 905 654 di·

104 673 181 734 vinae
196 676 334 751 potentie
354 672 544 734 immediatos
562 669 618 733 effe
634 668 754 732 effeetus
769 691 779 746 3
810 672 905 737 adeu-

106 775 166 834 que
186 758 213 816 ei
233 754 410 832 tribuenda,
439 754 525 833 cujus
545 755 660 816 infinita
685 751 725 815 est
750 758 903 837 potentia,

106 836 190 917 quod
211 836 359 916 Scriptura
379 838 482 899 multis
504 839 579 899 loeis
593 834 718 899 testatur.
747 836 807 899 Sed
822 856 904 915 quar·

105 922 176 982 ritur
192 939 230 981 an
245 919 358 996 semper
373 919 412 979 ita
426 917 480 981 fint
496 917 582 997 supra
595 920 738 980 omnium
745 917 904 983 Creatura-

105 1019 175 1062 rum
190 1003 265 1062 vires
281 1048 291 1079 ,
318 1014 351 1061 ut
367 999 423 1061 soli
438 997 511 1063 Deo
524 1046 535 1079 ‚
555 999 645 1081 quast
660 1000 748 1079 cause
763 1001 846 1063 rurali
861 1003 903 1074 ἐπ’

106 1083 302 1162 immediate,
328 1082 483 1147 tribuenda
510 1081 593 1147 unt?
628 1080 678 1144 Ut
706 1087 904 1147 affirmatione

106 1166 282 1244 respondere
296 1161 463 1245 poliemus,
479 1178 627 1244 oporteret
641 1169 785 1230 terminos
799 1183 905 1247 poten·

107 1251 154 1311 tiae
170 1251 312 1312 omnium
327 1246 539 1311 creaturarum
558 1250 644 1311 nobis
658 1246 716 1309 effe
731 1263 822 1311 notos
837 1270 846 1324 3
874 1249 905 1312 ἃ

107 1334 325 1394 miraculorum
344 1342 481 1393 naturam
501 1328 649 1409 ejufinodi
663 1326 742 1407 effe,
770 1344 803 1391 ut
822 1343 904 1393 extra

107 1433 160 1476 eos
176 1416 318 1477 terminos
338 1410 430 1491 postte
445 1408 521 1473 effer.
562 1410 607 1474 At
620 1410 765 1473 miracula
778 1412 904 1492 quidem

111 1512 213 1576 preter
233 1495 502 1559 nat-ure·ordinem
518 1494 621 1575 fiunt,
647 1493 698 1557 sed
717 1494 798 1557 unde
820 1496 906 1559 nobis

110 1580 223 1643 eonssut
250 1577 357 1649 Deum
372 1576 537 1658 ,spirituus
567 1578 657 1641 uirilis
680 1578 816 1640 uiolandi
843 1577 906 1657 ejus

110 1665 222 1727 ordinis
243 1660 412 1740 potentum-
426 1672 575 1740 umquam
595 1657 790 1723 conoeffne?
816 1659 905 1723 Certe

101 1764 296 1824 quamquam
317 1745 340 1804 is
361 1742 439 1803 ordo
459 1741 499 1803 est
517 1746 555 1805 ab
575 1743 688 1805 infinita
710 1744 843 1821 potentia
862 1745 906 1806 in·

109 1827 249 1903 stitutus,
279 1844 344 1885 non
369 1823 499 1902 sequitur
519 1843 594 1886 eum
614 1822 629 1884 i
651 1824 715 1886 sola
741 1844 776 1886 ea
804 1840 906 1903 poten·

110 1909 149 1970 tia
171 1908 322 1969 immutari
341 1902 429 1982 poffe.
473 1904 556 1967 Hinc
579 1906 670 1968 etiam
688 1908 819 1984 plurima
838 1927 907 1987 por·

101 2004 191 2052 ‹tentu
227 1990 302 2050 inter
337 1985 483 2050 israelites
516 1986 711 2072 Angelorum
746 1989 906 2052 ministerio

111 2074 189 2219 egita
203 2069 284 2151 effe,
311 2066 390 2139 Deo¹
404 2068 551 2152 jubente,
578 2072 732 2135 memorie
755 2072 907 2151 proditum

107 2176 129 2219 e
154 2204 161 2217 .

153 2258 204 2301 η.
225 2236 374 2299 Credibile
389 2236 535 2301 etiamest
549 2239 586 2302 ab
599 2235 725 2321 Angelis
739 2256 908 2319 numquam

111 2338 184 2380 eum
198 2320 302 2379 violari
315 2318 471 2398 ordinem,
492 2320 544 2383 nist
555 2320 695 2401 jubente,
716 2334 767 2382 aut
780 2323 909 2397 peculia*

111 2402 189 2463 ribus
211 2398 248 2459 de
277 2398 367 2459 cauiis
395 2404 580 2477 permittente
600 2400 679 2465 Deru
725 2400 910 2466 indecorum

104 2484 194 2545 enim
212 2478 280 2542 effer
299 2479 456 2561 ord-inem,
476 2482 492 2547 ὲ
512 2486 635 2549 summo
649 2500 749 2545 rerum
765 2483 910 2547 omnium

110 2564 256 2631 Domino
278 2561 481 2641 sapientiffime
500 2566 691 2641 institutum,
718 2560 830 2625 temere
845 2567 910 2644 pas·

115 2652 171 2714 rim
192 2649 208 2713 ὲ
228 2645 375 2711 creaturis
394 2646 557 2712 immutari.
601 2646 705 2791 Αῑὲιιε
724 2644 795 2708 hinc
818 2647 853 2710 fit
876 2662 910 2712 ut

115 2733 183 2798 rari)
197 2733 328 2797 turbatur
342 2728 392 2807 fit,
412 2747 468 2791 nec
484 2729 543 2793 fine
557 2731 636 2812 gravi
660 2728 727 2791 nnis
745 2728 857 2809 crufis}
875 2746 909 2795 ut

115 2816 204 2879 facire
223 2812 465 2892 ostenderemus,
487 2811 508 2875 u
529 2809 578 2875 hie
598 2812 743 2876 miracula
762 2813 794 2875 in
814 2812 909 2877 Saeuit

114 2892 235 2961 Litteris
258 2908 428 2964 memoratr-
443 2895 567 2980 expendi
586 2896 755 2963 institutum
771 2896 908 2960 nostrum

117 2992 270 3065 pateretur.

771 3074 818 3143 13.
832 3056 913 3142 Quae
