1928 3518
169 277 488 352 Pur-:onerum
514 282 631 352 SeflJ.
658 276 777 351 CIV.
829 302 869 373 31

77 365 285 455 Memoriam,
307 394 373 455 quae
388 376 420 438 in
435 378 572 439 animum
586 377 678 454 prinei
698 376 725 438 ia
739 375 817 436 olim
825 392 877 435 co-

80 455 164 533 gnita
188 503 198 534 ,
240 458 269 521 ἃ
298 457 479 521 consectaria
502 459 569 521 inde
589 396 715 524 denega
734 454 880 523 revocat?

82 532 165 597 Cum
181 540 303 602 scienter
315 541 461 619 quispiam
470 541 671 620 ratiocinatur,
691 540 729 604 de
742 556 878 620 requam

83 622 174 695 probe
190 635 269 684 tenet
286 642 302 698 ·,.
314 625 388 703 quid
410 624 489 687 aliud
512 624 607 701 facit,
627 624 678 685 nili
700 621 785 703 qubd
804 640 875 701 pro-

80 702 240 777 politiones
256 707 334 768 olim
348 719 434 768 notae
449 704 596 769 memorii
609 707 714 771 recolit
729 751 738 781 ,
758 702 787 775 bt
802 706 876 767 cum

80 785 145 848 aliis
158 786 335 867 comparat?
356 788 388 851 Si
402 789 622 859 oblivisceretur
633 786 663 849 se
678 804 826 867 umquam
839 786 878 854 de

80 883 113 927 te
127 871 180 931 illa
197 872 424 950 ratiocinatum,
444 872 474 933 &
486 873 629 935 onmium
645 868 769 945 astupeo
784 865 880 929 Men·

80 948 117 1009 tis
134 954 212 1014 circa
230 954 260 1016 id
277 952 431 1034 objectum
444 954 539 1016 deleta
553 956 654 1021 onmis
669 951 738 1015 esset
752 950 880 1023 blemn-

82 1032 144 1110 ria3
165 1033 235 1114 qni,
258 1035 377 1116 quaeso,
398 1034 491 1114 posset
504 1034 594 1101 docte
608 1034 773 1117 disputare?
791 1032 882 1117 Idem,

84 1111 123 1173 de
160 1119 278 1197 reliquis
312 1119 457 1182 habitibus
483 1118 727 1185 intellectualibus
764 1118 878 1187 dixeris.

87 1193 218 1257 Morales
241 1216 387 1264 vocantur
400 1201 535 1275 Virtutes
550 1202 581 1269 bt
599 1202 702 1282 Vitia,
744 1221 788 1265 oae
807 1218 880 1283 pen-

87 1275 162 1339 dent
175 1280 311 1344 etiamen
326 1281 496 1364 Memoria,
517 1298 552 1345 ut
560 1281 710 1363 Exemplo
717 1222 882 1365 fluorum,

87 1357 118 1421 δι
146 1360 315 1428 Sobrietatis
341 1370 469 1448 liquebit.
532 1364 711 1429 Sobrietatis¹
729 1366 830 1430 habitu
856 1366 882 1427 is

85 1445 222 1521 praeditus
236 1446 294 1510 esse
310 1450 431 1529 dicitur,
453 1450 505 1530 qui
521 1452 625 1532 legum
632 1448 801 1515 Sobrietatis
816 1464 882 1517 me·

86 1545 182 1607 mor,
201 1528 275 1608 sape
289 1531 338 1595 fibi
353 1532 369 1595 a
384 1535 483 1597 nimiis
499 1535 568 1595 cibis
597 1581 606 1613 ,
648 1534 785 1595 nimiove
804 1544 881 1612 potu

86 1615 262 1687 temperavit
278 1633 287 1689 3
307 1617 391 1697 quod
407 1614 479 1677 cum
490 1617 520 1676 in
529 1618 667 1677 animum
675 1627 796 1675 revocat
810 1662 819 1693 ,
839 1614 882 1677 fa-

88 1688 152 1753 cile
172 1692 284 1758 sobrius
304 1698 360 1760 else
374 1700 476 1783 pergit.
519 1695 595 1779 Qui>
616 1700 714 1786 plures
736 1694 883 1757 Sobrieta-

86 1776 125 1836 tis
142 1774 224 1839 acius
238 1779 311 1857 edit,
332 1781 370 1843 eb
387 1782 481 1863 magis
495 1780 609 1843 virturis
624 1798 687 1859 ejus
702 1779 884 1849 memoriam

86 1860 195 1920 recolit
209 1880 218 1936 3
239 1862 313 1924 adei)
328 1878 362 1926 ur
377 1862 624 1943 quotiescumque
639 1860 735 1944 aliqui
752 1859 883 1926 occassu-

87 1960 129 2003 ne
142 1944 172 2004 iu
184 1948 362 2008 contrariam
370 1963 481 2025 partem
489 1948 625 2026 trabitur,
642 1949 723 2010 illico
736 1946 883 2013 Sobrieta-

84 2029 121 2088 tis·
137 2026 313 2090 ideaMenti
329 2029 390 2107 ejus
406 2030 598 2114 seseingerat,
616 2033 833 2111 hominemque
846 2031 882 2093 ab

85 2110 310 2190 intemperantia
324 2114 472 2174 deterrear.
515 2112 655 2175 Similiter
670 2114 798 2174 ebriosus
820 2132 884 2173 me-

84 2196 191 2256 moriae
206 2194 377 2272 praesentem
394 2198 478 2258 habet
494 2198 706 2272 voluptatem,
728 2213 821 2273 quam
842 2194 884 2254 bl-

85 2277 187 2339 bendo
201 2276 303 2355 sapius
319 2293 451 2356 expertus
475 2276 515 2337 est
533 2296 541 2352 ;
564 2279 656 2354 eaque
673 2288 823 2355 tantopere
843 2275 885 2338 af·

87 2359 186 2421 ficitur
202 2407 210 2438 ,
232 2373 265 2421 nt
280 2364 381 2438 primae
399 2362 506 2441 cuique
521 2358 746 2440 occasioniplus
762 2360 826 2425 satis
842 2361 884 2424 bi-

87 2443 175 2504 bendi
192 2441 378 2504 succumbat.

128 2540 178 2586 21.
202 2525 246 2585 ll.
269 2524 377 2588 Nemo
393 2527 502 2608 negarit
519 2524 672 2589 aelionum
687 2528 835 2590 bonarum
854 2524 883 2586 &

90 2612 239 2669 malarum
256 2607 395 2685 superesse
410 2612 608 2686 memoriani3
629 2630 691 2689 quo
700 2606 884 2685 tamenposi-

92 2703 138 2765 t0,
160 2691 197 2752 ad
215 2692 372 2754 habituum
386 2708 523 2755 naturam
537 2692 760 2757 describendam
775 2739 784 2767 ,
804 2686 883 2763 alind

90 2773 342 2851 rrilrilpostulatur.
385 2775 509 2836 Habitus
519 2775 779 2835 facnitatemcerto
788 2768 883 2830 modo

91 2858 241 2935 afficiunt,
265 2858 702 2935 incertampartemiuclinant,
724 2852 885 2915 tiresitfu-

92 2938 230 3001 cilitatern
240 2940 278 3001 ad
287 2940 422 3017 quadam
430 2941 592 3022 peragenda
600 2937 730 3011 addunt,
745 2956 885 3017 quaom-

87 3022 138 3082 nia
153 3020 168 3081 ὲ
181 3024 330 3083 memoria
346 3022 437 3100 fiunt,
460 3038 492 3084 ut
507 3022 566 3082 alib
584 3021 886 3103 coinugereluperva-

87 3124 186 3168 cuum
210 3105 253 3167 lit.
297 3104 430 3185 Quuudo
452 3103 645 3245 recorii'amur
659 3123 721 3184 quo
738 3102 835 3166 modo
857 3095 887 3155 ὃ(

554 3206 604 3266 ‚4
827 3196 890 3258 quo
