1928 3518
163 236 488 309 Pnnurnnuon.
512 231 632 305 Sem.
649 228 769 307 etv.
813 248 867 335 ,ιγ’

63 347 158 417 {parte
171 332 208 396 ad
222 332 377 395 cerebrum
392 328 557 410 porrigitur.
592 326 669 391 Haec
684 330 724 393 ita
737 328 768 392 se
779 330 868 397 habe-

70 438 106 483 re
122 417 291 498 colligimus
306 412 578 482 ratiocinationibus
593 459 603 492 ,
630 430 697 491 quae
709 411 815 491 potius,
827 416 868 483 ad
903 486 909 493 ,

71 498 244 580 Phyficam‚
265 516 360 577 quam
367 493 405 557 ad
412 492 865 584 Pneumatologiampertinent‚

68 600 171 662 neque
185 581 202 642 i
216 581 303 644 nobis
315 576 369 641 bic
383 579 637 639 memorabuntur.

110 684 142 745 4.
163 655 607 743 Hocpera&0‚Mentinostrae
614 660 865 731 obversari-ideam

66 748 109 811 rei
125 759 207 809 extra
221 764 279 808 nus
289 743 390 824 pofitae
401 739 557 805 sentimus.
597 737 661 803 Hic
675 759 741 805 non
761 746 866 824 queri-

68 848 141 974 mund
156 824 433 973 qnidddt'deedussdd
448 822 813 970 cgrsteffigdexdffimotds
833 826 866 892 dt

90 1012 114 1056 o
129 930 169 1055 dte
169 930 325 1073 1gusmlodi
339 925 466 1069 diotuss,
485 919 866 1058 ideamdcpeffleMeqdddlil'e

70 1076 212 1160 ingerere
251 1072 353 1138 Nobis
367 1072 425 1134 illis
440 1072 570 1135 motibus
593 1073 700 1136 cerebri
720 1070 865 1154 adsuetis,

61 1159 173 1220 evenit
187 1158 275 1219 etiam
288 1170 322 1218 ut
336 1153 502 1231 absentibus
516 1151 656 1234 obaudis,
676 1154 785 1219 eodem
792 1176 864 1220 mo-

71 1238 137 1318 do,
155 1255 350 1318 quaecumque
358 1235 483 1299 tandem
489 1235 524 1298 su
530 1234 617 1298 causa
623 1233 742 1314 motus,
764 1256 800 1301 ac
815 1238 865 1300 so-

64 1324 114 1385 ·let
129 1316 250 1400 objeebis
262 1319 464 1400 presentibus,
485 1328 651 1381 moveatur.
685 1315 789 1398 Atque
797 1317 865 1382 'hee

67 1405 219 1486 perceptio
232 1401 422 1467 ob'edotum
437 1396 863 1482 propriePhantafiavelIma-
895 1437 899 1452 ι

62 1488 196 1571 gamit,
215 1486 246 1549 in
330 1481 581 1563 onepotiffimum
593 1483 787 1565 quotidiano,
805 1503 864 1549 uo·

72 1582 168 1632 catur.

115 1668 145 1731 5.
174 1646 263 1733 Igitur
273 1646 376 1713 Menti
391 1643 470 1712 'inest
485 1647 615 1731 'facultas
628 1642 794 1710 absentium
808 1648 863 1711 ob-

61 1731 220 1817 jetlotum
233 1732 374 1828 inrugines
390 1730 590 1811 percipiendi,
610 1727 662 1793 seu
680 1729 713 1793 in
731 1727 862 1812 somnis,

69 1816 209 1892 cerebro,
228 1813 319 1877 inseri
326 1812 451 1893 Mente,
470 1809 583 1887 temere
598 1827 704 1894 moto,
721 1812 863 1878 seuinvi·

61 1899 157 1982 -gilia,
172 1915 215 2041 ἑο
228 1911 318 1961 motu
333 1895 447 1959 Mentis
463 1897 588 1976 imperia
602 1897 635 1959 in
650 1897 769 1961 cerebro
782 1896 861 1962 exci-

61 1996 150 2058 tato,
193 1992 231 2040 at
769 1998 773 2003 ·
819 2016 822 2021 -

109 2066 141 2126 6.
164 2059 246 2124 Non
259 2063 439 2142 inquiremus
460 2059 510 2124 hic
529 2081 668 2142 quaenam
682 2061 737 2123 fint
756 2061 862 2144 imagi·

62 2164 139 2225 -nes,
162 2164 229 2224 quae
240 2144 377 2223 proxime
385 2144 486 2208 Menti
500 2144 529 2206 se
543 2144 572 2204 se
579 2140 723 2222 objiciunt
738 2186 747 2218 ‚
768 2160 863 2220 quan·

61 2230 109 2292 do
125 2228 209 2290 videt
222 2239 272 2289 aut
292 2228 468 2311 imaginatur
486 2224 647 2305 quidpiam.
689 2221 862 2304 Disquisrtio

68 2330 102 2373 ca
131 2310 269 2389 lingulati
297 2307 400 2388 Capite
421 2311 510 2391 digna
529 2306 579 2370 est.
620 2305 737 2371 Verum
757 2309 862 2388 quaeri·

68 2406 143 2467 tur,
172 2390 226 2471 qui
248 2391 309 2452 fieri
331 2406 419 2472 queat
436 2406 468 2453 ut
485 2387 577 2453 Mens
592 2393 744 2472 quidpiam
758 2392 862 2475 imagi-

70 2477 132 2571 nari
148 2472 244 2535 velit?
268 2472 416 2570 Nempe,
436 2487 470 2535 ut
485 2472 581 2552 cupiat
595 2476 706 2556 aliquid
719 2475 862 2556 imagina-

69 2569 329 2726 tibitibi?
344 2553 864 2720 ‘brigidistdssissniionissiffli

69 2720 132 2783 titia
147 2738 210 2799 ejus
226 2721 266 2780 rei
282 2721 318 2781 ad
334 2718 474 2789 Mentem
490 2723 661 2800 perveniat?
690 2716 863 2795 Responde·

67 2821 158 2878 mus,
183 2798 437 2882 upoffeexcitari,
459 2805 556 2883 aliqua
570 2804 742 2865 mechanica
750 2799 787 2862 de
795 2818 863 2864 cau·

68 2886 118 2963 sa,
139 2896 262 2970 motum
279 2898 400 2948 tenuem
415 2888 445 2947 in
461 2887 605 2964 cerebro,
626 2882 689 2964 qub
704 2881 864 2950 subobscu-

67 2989 97 3031 ra
115 2981 185 3044 ejus
200 2969 238 3027 rei
253 2967 387 3029 nascatur
402 2965 502 3030 Menti
517 2969 618 3047 imago
635 3013 644 3045 ,
664 2964 754 3046 quam
769 2966 863 3031 Mens

67 3052 231 3115 duriorem
244 3048 300 3110 esse
315 3053 396 3132 cupit
419 3071 426 3116 :
456 3072 484 3115 2.
494 3047 660 3131 Mentem,
678 3052 814 3135 quaedam
829 3048 865 3108 fi·

152 3121 260 3195 Tamus
276 3129 321 3194 II.
580 3128 607 3195 B
782 3128 867 3196 milia
