1928 3518
83 185 175 283 158⁶
189 186 463 261 Punumaoz'o
474 208 510 258 n.
526 187 686 259 tauns.
699 184 823 263 'ext

57 308 60 313 ·
122 281 151 346 8.
170 280 418 362 Cim-oporteat
438 282 577 346 homines
597 282 628 345 se
645 285 877 349 invicemonmi
899 289 903 294 '

79 367 191 429 ratione
204 364 343 444 adjuvare
358 411 378 444 „
395 378 430 427 ut
449 361 630 429 beatam-bic
643 365 753 449 degant
768 369 877 449 vitam,

78 464 133 526 pro
159 446 334 528 benignitate
359 446 423 527 ejus
451 450 587 528 qui-'nos
615 445 676 509 hie·
690 452 879 527 collocavit3

77 529 129 608 qui
137 528 323 612 ·,..uegiedtis
345 532 413 593 vitae
434 533 564 611 officiis,
592 533 738 593 voluntati
771 533 879 596 divina

77 629 147 695 erga
153 613 292 675 homines
301 613 485 692 adversatur,
500 611 572 678 Deo
579 612 770 696 ingratusest,
786 616 882 679 adeo·

78 712 139 775 que
154 698 191 759 ab
208 714 246 758 eo
257 695 325 775 jure
340 695 398 759 suo
413 697 592 760 beneficium
604 699 724 758 nullum
733 696 880 774 exspebta·

78 795 112 840 re
126 776 228 858 potest.
271 777 303 843 Si
323 796 374 856 per
390 792 491 842 totum
505 781 571 842 vitae
587 780 770 842 curriculum
790 781 878 859 perti-

80 861 191 923 naciter
204 858 347 939 injustitiae
363 860 526 941 adhaereat,
557 860 630 941 quid
650 860 718 942 jam
737 861 770 926 su
792 861 880 939 erest,

78 940 132 1006 nisi
147 952 181 1004 ut
196 939 282 1004 Deus
297 989 307 1021 ,
331 944 383 1021 qui
398 940 552 1005 Societatis
569 879 880 1007 humana-augona}

78 1023 109 1087 dr
121 1023 253 1103 vindex,
282 1025 332 1102 ei,
361 1023 454 1104 quim
467 1027 581 1110 ingtata
601 1025 651 1088 fibi
672 1026 706 1088 s1t
727 1026 879 1107 injustitia,

78 1104 216 1169 testatum
247 1105 354 1170 dolore
373 1109 484 1189 aliquo
513 1110 546 1170 in
573 1127 646 1171 eum
673 1106 806 1171 immiffo
837 1109 881 1172 fia-

78 1188 157 1252 ciat?
176 1184 256 1253 Sane
270 1191 323 1270 qui
339 1188 458 1274 fingulis
473 1188 669 1254 Societatibus
687 1184 737 1252 hic
752 1192 783 1253 in
798 1194 879 1254 terris

79 1271 230 1358 praesunt,
252 1271 349 1371 injusti
365 1273 553 1349 haberentur,
575 1271 596 1332 fi
611 1289 714 1334 earum
728 1275 880 1349 perturba·

77 1368 158 1417 tores
171 1352 296 1431 impune
312 1353 451 1433 perpetuo
461 1355 544 1415 “abire
557 1351 690 1416 fluerent.
732 1349 795 1413 Hic
808 1356 878 1432 qui·

79 1437 151 1499 dem
164 1434 335 1514 aliquaest,
349 1436 429 1499 eirca
444 1434 683 1499 moderationem
697 1451 877 1515 poenarum,

80 1517 301 1582 &mrumdem
323 1517 443 1597 finem,
471 1517 627 1582 difficultas
644 1539 654 1595 ;
680 1514 788 1579 verum
809 1536 879 1583 eam

80 1620 146 1748 ¹21?ss
160 1603 367 1681 movebimus,
382 1620 420 1666 ne
434 1600 554 1665 instituti
568 1600 781 1665 nostri'finibus
797 1618 882 1684 egre-

113 1704 225 1748 amur..

118 1786 155 1846 9:
178 1765 211 1828 Si
228 1766 416 1827 bominesita
431 1764 723 1842 inter-serviraient,
751 1777 784 1828 ut
808 1766 895 1830 nihii.

79 1845 129 1910 fibi
144 1850 273 1909 invicem
288 1848 471 1924 tribuerent,
498 1846 550 1909 niti
565 1849 661 1927 quod*
670 1847 794 1911 summo
810 1849 879 1927 jure

78 1929 214 1994 debitum
228 1925 311 2006 effet,
325 1926 354 1990 dt
369 1947 404 1990 ex
420 1928 533 2010 legibus
548 1930 622 2011 exigi
639 1927 732 2009 ponet
748 1978 757 2010 ,
783 1931 880 1994 infeli-

79 2010 193 2077 ciffima
215 2007 283 2074 effet
302 2012 371 2073 vita.
410 2008 541 2090 Virtus,
563 2011 623 2092 qui
646 2013 709 2075 aliis
733 2012 793 2075 fine
808 2015 880 2096 legis

79 2094 244 2161 necestitate
266 2093 494 2179 benefaeir'mrs,
521 2093 911 2177 voeaw<.Beneficemia;·.

81 2179 183 2261 est'que
198 2182 229 2244 in
243 2177 313 2243 Deo
328 2176 429 2241 multb
442 2175 620 2259 praestantior
636 2225 645 2255 ,
674 2178 766 2260 quim
781 2181 813 2241 in
827 2181 880 2249 bo·

80 2265 220 2324 minibus.
243 2259 372 2324 Etenim
387 2259 459 2323 licbt
474 2262 587 2346 legibus
601 2262 735 2325 civilibus
744 2260 883 2341 nonian-

79 2344 173 2405 eiatur
180 2341 396 2420 Benefieentia,
412 2357 544 2405 attamen
559 2345 596 2406 ab
609 2342 670 2421 ipsa
681 2346 883 2408 humanarum
893 2390 898 2401 ..

79 2441 180 2486 terum
188 2421 397 2484 constitutione
403 2425 609 2502 praescribitur,
625 2440 659 2485 ut
675 2423 771 2486 modi)
784 2424 883 2486 osten-

76 2506 202 2583 dimus,
228 2500 372 2583 quia'fine
393 2524 429 2566 ea
443 2507 503 2567 vita'
517 2506 611 2569 vitalis
631 2523 696 2566 nou
713 2502 789 2564 effer.
834 2505 893 2586 At¹

78 2586 165 2652 Deus
179 2587 264 2649 nobis
278 2585 447 2665 benefacit,
476 2604 540 2649 non
557 2584 606 2665 spe
621 2585 779 2648 commodi
793 2589 880 2666 quod
907 2621 909 2625 ·

76 2668 194 2732 anobis
209 2664 369 2750 exspebiet,
383 2666 434 2731 sed
449 2686 535 2731 mero
548 2665 779 2748 prastmtiffunae
793 2684 882 2736 natu·

78 2749 189 2815 rae'suae
204 2751 359 2835 impulsu,
386 2769 454 2832 quae
474 2770 549 2814 eum
564 2746 714 2813 Creatuns
734 2752 794 2816 suis
815 2773 882 2821 non
906 2808 910 2815 .

78 2836 273 2917 benefacere,
301 2849 470 2900 autentum
482 2834 626 2912 maium,
654 2834 735 2915 quasi
752 2835 881 2918 scopum

79 2916 185 2996 suum,
206 2919 255 2983 fibi
267 2932 436 3001 ‘proponere
452 2938 515 2983 non
530 2916 644 2997 patitur.
675 2916 768 2983 Hanc
781 2935 881 2983 autem

80 3005 220 3089 uirtutem
241 3005 273 3068 in
289 3002 433 3083 Dcoeffe
446 3002 581 3084 scimus,
609 2993 670 3087 ipsi
690 2998 879 3148 emergi,

196 3102 204 3117 ¹
367 3118 376 3140 ι
405 3104 430 3123 ³
843 3100 882 3147 ue
