1928 3518
163 222 215 300 80
260 219 867 299 Przunrsor.sea.rr.011u.

165 339 246 401 pus,
275 331 363 400 prout
381 335 428 381 tes
445 315 597 397 postulat»,
629 330 757 396 accepta.
799 316 957 397 Tertium,

163 404 269 465 eadem
289 401 326 462 de
346 402 482 479 ratione,
511 400 682 484 ignoramus
702 418 739 462 an
760 419 793 462 ea
814 402 958 479 facultas,

162 482 223 562 qui
239 482 350 564 Angeli
371 482 401 545 id
421 497 580 564 peragunt,
613 482 650 545 ad
670 482 753 561 quod
775 482 850 544 miffi
872 484 959 560 sunt,

161 560 332 644 semperxfit
353 561 436 646 eque
457 568 574 644 ampla,
605 585 643 627 an
664 566 763 626 minor
785 584 820 625 ae
841 565 959 644 major,

160 663 219 725 pro
258 666 360 711 rerum
392 648 589 730 gerendarum
626 660 737 711 natura.
781 646 959 727 ignoramus

159 729 268 794 itidem
287 728 443 812 quousque
470 731 577 815 porrigi
606 738 719 810 queatff,
758 729 958 810 quemadmo-

162 811 241 875 dum
268 816 350 876 enim
383 812 446 875 soli
482 811 655 892 experientii
685 814 868 890 novimus,¹
891 831 957 892 qua

160 893 297 973 pondera
316 896 354 959 ab
372 893 557 958 Hominibus
579 896 697 972 attolli,
726 915 793 975 qua
820 892 957 973 Corpora

162 978 238 1038 loco
251 978 367 1039 moveri
381 991 509 1055 queant:
530 978 569 1040 ita
577 978 652 1039 inter
667 975 803 1060 Angelos
820 994 877 1039 nos
891 995 957 1038 ver·

44 1100 47 1107 ·
160 1055 241 1121 satos
255 1056 312 1122 elie
331 1071 481 1140 oporteret
520 1073 553 1123 ut
574 1058 716 1121 sciremus
738 1057 809 1137 quid
830 1056 956 1135 poffint,

160 1140 236 1218 quid
249 1132 415 1223 nequeant,
454 1106 589 1206 Memini
602 1160 653 1203 me
662 1145 756 1225 legere
764 1141 843 1220 apud
851 1137 957 1202 Theo-

157 1223 271 1306 ·logum
290 1243 355 1288 non
374 1225 572 1303 incelebrem,
593 1242 658 1286 non
672 1223 732 1287 line
740 1222 815 1301 risu,
836 1225 873 1285 ab
889 1222 958 1286 An-

160 1308 237 1386 gelis
249 1307 372 1386 quidem
391 1304 519 1370 Montes
541 1306 689 1383 subverti,
717 1304 767 1367 sed
791 1306 827 1366 ab
842 1306 876 1366 iis
891 1323 958 1367 non

159 1385 380 1463 polleTelluris
388 1390 536 1472 integrum
551 1389 678 1469 globum
687 1385 852 1459 dimoveri3
895 1385 956 1448 uasr

159 1465 285 1531 vidisset·
294 1469 372 1550 quidv
385 1468 496 1552 Angeli
505 1482 632 1549 queant,
652 1486 688 1530 ae
696 1480 844 1547 nequeant
853 1468 864 1529 -l
873 1405 956 1532 (ile

157 1547 272 1615 scimus
301 1552 391 1616 etiam
417 1570 456 1616 an
476 1550 613 1633 ringula,
646 1569 713 1631 qua
741 1562 883 1632 geruntur
905 1546 956 1612 hic

162 1634 201 1698 ab
226 1633 352 1719 Angelis
412 1633 429 1697 l
456 1630 529 1698 Deo
555 1634 725 1718 fingillatim
752 1646 896 1712 praecepta
922 1634 957 1695 iis

161 1714 235 1796 lint,
255 1737 296 1780 an
316 1681 389 1779 vero
409 1718 532 1780 liberam
542 1718 574 1779 in
589 1714 766 1797 quibusdam
783 1713 957 1794 potestatem

156 1797 284 1879 agendi,
311 1810 400 1876 prout
433 1796 567 1875 videtur,
594 1798 768 1877 acceperint.
811 1794 959 1877 Denique

159 1874 225 1958 quo
240 1881 338 1957 plura
358 1875 408 1939 hic
433 1891 632 1958 queruntur,
668 1875 708 1940 eo
735 1879 821 1955 plura
849 1896 957 1940 occur-

154 1958 399 2054 teuthoniam
407 1958 601 2041 ignorantie,
622 1972 674 2022 aut
686 1961 866 2023 temeritatis
882 1959 958 2023 indi·

156 2056 216 2104 cra

385 2290 744 2366 GanonIW

160 2430 217 2500 De
232 2432 326 2500 malis
341 2434 498 2527 Angelis,
523 2428 685 2526 eortimque
698 2429 893 2521 ministerio,
918 2457 958 2501 ac

479 2528 636 2632 potestate.

158 2710 190 2774 ἰ.
205 2705 339 2838 NOn
352 2704 535 2808 opusesthic
550 2704 660 2788 quade
672 2701 867 2784 Angelorum
885 2701 956 2771 Na·

284 2808 350 2857 tura
372 2793 499 2856 dmmus
513 2788 588 2868 Cap.
612 2786 648 2848 ll.
669 2800 850 2865 repetamus,
865 2807 959 2871 ¹quo.-

158 2871 243 2935 niam
257 2874 342 2955 aeque
362 2876 506 2957 pertinent
527 2870 564 2933 ad
579 2868 715 2963 Angelos
736 2871 835 2931 malos
851 2889 887 2931 ae
902 2872 958 2932 bo-

50 2968 54 2975 ·
159 2971 234 3030 nos;
263 2957 340 3020 inter
359 2974 437 3039 quos
457 2955 516 3016 hoc
535 2965 652 3014 tantum
672 2948 728 3012 elie
748 2953 876 3014 creiitnr
896 2950 957 3011 dis-

159 3038 296 3116 crimen,
324 3057 366 3102 eo
384 3033 536 3119 respeeiu,
566 3032 650 3115 quod
672 3035 743 3103 boni
767 3038 840 3097 lene
853 3032 956 3174 motel-

923 3133 955 3177 a.
