1928 3518
118 207 178 273 6²6³
217 196 530 269 Bnnuntnron.
550 193 670 265 Seill.
688 190 816 266 cjlx.

118 292 250 367 servunt3
263 288 320 371 qud
336 292 371 354 lit
387 291 488 370 ut-..qui
502 290 762 353 divinaevoluntati
771 289 913 353 omnium

117 371 246 438 maxime
255 374 466 435 convenienter
473 375 597 453 vivunt,
608 373 626 434 ii
634 373 760 436 dernurn
770 372 825 434 lint
832 392 916 436 mor·

117 459 221 519 talium
228 456 301 534 saepe
309 455 502 518 infeliciffimi.

161 537 222 601 18..
238 538 311 601 Hoc
328 538 422 618 pofito
438 587 448 618 ,
477 538 670 618 querendum
690 556 786 602 arr-ert
800 537 833 598 iis
849 557 913 618 quo

118 622 155 684 de
170 620 242 687 Deo
258 624 400 685 novimus
421 621 562 701 poffimus
579 621 726 701 conjicere
741 619 849 683 Deum
863 640 915 682 oo·

118 724 188 768 rum
205 754 214 788 ,
242 708 294 786 qui
317 709 415 787 legem
436 704 548 783 abipso
564 704 824 766 naturaehumanae
839 704 914 769 indi·

118 788 360 851 tarnobservant
379 788 545 867 ,ideoque
567 787 720 848 infelicem
743 787 837 848 vitam
860 785 914 848 du·

119 886 217 949 cunt,
244 873 362 933 nullum
376 872 522 932 rationem
538 871 729 932 habiturum..
758 865 849 930 Certi:
864 869 914 948 qui

118 964 220 1013 ortum
235 951 419 1014 Hominibus
435 952 539 1030 dedit,
566 970 631 1013 non
652 965 686 1012 ut
707 952 741 1012 iis
755 949 924 1013 maleface-

118 1046 161 1094 ret
176 1054 185 1110 ;
213 1033 324 1114 edique
339 1035 378 1097 ita
391 1032 565 1097 constitutos
580 1030 637 1096 effe
651 1033 770 1113 voluit,
796 1047 829 1096 ut
845 1051 915 1095 mu·

35 1158 41 1169 .
118 1128 172 1178 tuo
188 1118 299 1179 auxilio
312 1116 476 1199 indigerent
491 1135 501 1193 ;
527 1115 610 1179 idem
624 1114 655 1179 se
676 1113 818 1195 adjuvent
840 1115 915 1179 invi·

119 1216 188 1262 cem
203 1246 213 1278 ,
236 1198 296 1263 fine
309 1198 510 1280 dubio,uult;
530 1198 667 1280 adeoque
681 1216 790 1261 eorum
804 1199 914 1278 vitun,

119 1283 172 1360 qui
188 1282 219 1344 id
232 1281 344 1345 faciunt
360 1281 398 1345 ad
412 1282 496 1362 quud
517 1280 586 1345 sunt
605 1279 708 1343 naturd
725 1278 923 1360 [αλωαψ-

118 1364 196 1443 rati,
218 1365 343 1442 probat..
373 1361 404 1426 Si
418 1382 527 1428 eorum
541 1364 644 1443 probat
659 1380 759 1427 mores
775 1409 786 1441 ,
810 1383 851 1429 an
864 1382 927 1428 out·

118 1443 136 1506 d
149 1442 220 1508 Deo
236 1464 333 1526 neque
347 1444 465 1510 miseriis
488 1444 575 1526 bujus
589 1446 656 1508 vitae
677 1444 790 1525 eximi,
818 1465 916 1529 neque

119 1527 185 1608 post
205 1529 283 1592 hanc
302 1530 395 1593 vitam
423 1529 591 1611 quidquam
610 1531 751 1609 accipere.
769 1528 929 1594 mercedis·

120 1612 257 1676 credibile
271 1610 311 1675 ost
326 1610 346 1674 ἓ·
365 1609 402 1675 N
403 1611 432 1675 ifi
449 1615 572 1693 praemio
586 1615 731 1693 quopiam
745 1612 813 1678 vitae
826 1611 915 1692 hujus

118 1694 318 1757 incommodo
330 1695 430 1772 probis
444 1695 595 1774 pensaret,
615 1694 665 1758 fibi
679 1693 757 1775 ipse,
771 1707 804 1757 ut
818 1696 859 1759 ita
872 1693 915 1759 di·

118 1793 204 1854 cam,
220 1776 433 1840 contradiceret
447 1796 457 1853 ;
481 1776 533 1857 qui
548 1778 638 1839 vellet
650 1776 788 1843 homines
801 1776 832 1841 se
845 1795 915 1841 mu·

79 1924 87 1942 Ι
118 1853 915 1945 proadjuvare‚,&.tameneor‚ouimaximehuicejus

118 1940 354 2020 obtemperarent
366 1941 683 2022 voluntati,omnium
689 1939 915 2023 peffirnehabert

157 2124 214 2188 -19.
236 2105 327 2192 Igitur
336 2107 530 2187 exmiseriis,
544 2125 611 2189 qun
624 2104 641 2171 l
655 2109 770 2188 probis,
789 2106 914 2189 hocest,

118 2189 151 2252 iis
159 2189 210 2268 qui
222 2188 353 2255 maximi
361 2191 526 2259 humanam
532 2189 713 2255 Societatem
721 2195 844 2269 colunt,
859 2191 927 2254 bae.

118 2271 150 2331 in
171 2271 388 2337 vita,feruntur
406 2271 582 2353 saepiffimd,
609 2272 714 2337 certius
743 2274 917 2354 colligimus

117 2347 241 2413 Mentes
255 2351 312 2414 effe
325 2353 511 2417 immortales
527 2375 537 2431 ;
563 2356 710 2433 quoniam
725 2372 833 2417 eornm
846 2359 918 2420 nul·

119 2435 181 2495 lam
196 2433 306 2512 alioqui
321 2430 408 2497 Deus
423 2438 571 2500 rationem
590 2435 730 2513 baberet,
758 2436 842 2514 quod
864 2442 916 2504 ab·

117 2510 242 2580 surdum
256 2514 312 2578 elle
326 2517 465 2581 vidimus.

159 2613 209 2661 20.
232 2596 292 2679 Ita,
313 2597 375 2663 soli
392 2596 528 2665 Ratione
536 2595 690 2676 duee„eb
702 2595 796 2676 usque
812 2617 917 2679 perve-

118 2682 236 2762 nimtn,
250 2695 283 2745 ut
298 2682 420 2755 absurda
434 2685 520 2746 nobis
531 2682 664 2746 videatur
674 2698 784 2745 eorum
798 2681 928 2750 senten·-

118 2767 181 2841 tia,
202 2767 254 2844 qui
275 2765 459 2835 crediderunt
480 2766 658 2841 hominem,
681 2760 755 2825 cum
768 2769 913 2847 moritur,

118 2846 262 2911 aeternirm
290 2850 412 2911 interire.
454 2846 626 2912 Accedente
653 2844 760 2911 deinde
788 2846 932 2913 Revela-·

118 2928 225 3006 tione,
253 2928 421 2993 firmiffirnis
448 2932 515 2995 nixa
539 2931 742 3013 argumentis,
768 2951 813 2995 res
833 2944 913 2992 extra

120 3026 247 3086 ornnem
262 3013 450 3085 dubitationis
464 3017 562 3081 aleon
582 3013 702 3094 ponitur
717 3034 727 3092 ;
756 3010 915 3159 praesertirrg

835 3112 893 3165 πρυ
916 3106 935 3161 ·ῗ
