1928 3518
131 210 204 307 148.
226 212 546 289 Primum-Amor„
572 207 869 287 recivum.

127 322 192 369 cere
212 304 292 368 certo
310 302 438 367 demum
457 320 593 383 tempore
613 303 734 389 statuit,
777 310 916 373 mutaiier

125 407 177 451 nes
197 386 405 467 tempestatum
426 387 455 449 ἃ
476 389 618 450 omnium
638 388 720 468 paene
736 409 838 454 rerum
853 392 917 456 fuir

123 472 275 532 lunarium
311 472 404 532 varias
442 468 497 533 effe
531 472 655 551 voluit,
702 472 794 553 ,quod
825 473 918 553 primi

125 553 225 615 fronte
259 552 453 617 consriorum
481 554 651 619 varietatem
685 574 805 638 arguere
840 557 919 622 vide·

124 647 182 697 tur.

160 738 199 799 ,4.
211 715 339 784 'Verirm
361 718 492 781 solvetur
512 720 534 782 is
549 718 671 797 nodus,
700 717 719 780 sr
735 719 920 785 inanimum

127 821 305 871 revocemus
333 803 532 865 mutationem
558 804 589 864 in
611 801 773 865 aelionibus
795 804 919 884 duplicis

127 880 184 949 effe
199 884 321 969 generis.
352 882 468 955 ,Artem
480 883 630 949 subitanea
643 882 684 947 est
700 929 710 962 ,
731 887 855 964 quando
869 890 922 950 ali·

127 962 200 1046 quid
219 967 341 1046 evenit,
363 964 453 1045 quod
480 965 635 1043 praevisum
655 983 721 1027 non
739 966 856 1045 fueram
888 985 923 1035 ut

128 1047 202 1111 crim
215 1045 253 1112 N
254 1062 322 1111 aura
334 1046 583 1126 velificationem,
593 1046 834 1113 ,mutatoiubitir
848 1070 923 1114 ven-

127 1143 187 1211 to,
217 1145 411 1209 commutat,
439 1127 519 1193 &in
541 1132 636 1193 alium
651 1130 755 1194 ..tendit
782 1146 922 1215 portum,

153 1212 224 1277 uim
238 1215 342 1278 animo
358 1212 555 1285 destinaverat.
576 1212 793 1277 Haecmuratio
799 1234 864 1278 non
875 1236 924 1279 ca·

130 1232 174 1360 git
189 1299 219 1360 in
228 1294 339 1367 Deum
353 1343 363 1375 2
390 1296 459 1375 quia
472 1295 543 1362 nihil
557 1294 791 1383 nonhpraevisum
805 1300 831 1357 ei
848 1317 925 1360 con·

130 1380 225 1463 tingit.
265 1373 370 1443 Altera
383 1373 454 1437 verb
469 1374 607 1441 estantca
618 1394 684 1455 Jam
699 1391 843 1457 concepta
859 1381 925 1441 arri-

130 1480 187 1525 mo
196 1506 214 1543 ‚-
228 1458 322 1543 quim
334 1458 379 1523 res'
401 1458 514 1522 eveniat
529 1477 594 1541 quae
609 1458 809 1521 mutationem
822 1459 926 1540 postu-

132 1546 191 1624 lat,
212 1544 278 1608 utsr
294 1544 360 1627 quis
376 1540 530 1627 previderet
542 1540 818 1623 aliquid-futurum,
860 1546 924 1611 uod

69 1628 72 1633 ’
133 1628 227 1711 exiget
242 1624 276 1691 'ut
288 1629 373 1691 aliter
388 1638 552 1707 tuncagat,
571 1621 826 1707 quimnuneagit.
881 1646 925 1689 aec

132 1711 261 1781 mutatio
269 1710 340 1772 nihii
348 1710 449 1784 habet,
471 1704 554 1789 quod
561 1698 657 1785 ipsum
664 1706 801 1778 dedeceat
808 1705 923 1787 Deum,

131 1792 184 1870 qui
199 1790 313 1868 semper
329 1792 360 1852 in
376 1784 619 1866 seidemmaie't,
639 1792 776 1867 quamvis
783 1790 923 1859 extrinse-

56 1892 59 1907 ·
133 1869 356 1955 eirsrliteragat·
431 1902 435 1907 ·

177 1970 205 2034 5.
225 1951 311 2019 Deus
327 1952 455 2017 abomrii
464 1951 634 2031 aeternitate,
658 1956 924 2019 eertoaetemaedu-

133 2039 253 2109 rationis
267 2036 393 2101 articulo
415 2034 527 2116 (quem
540 2032 620 2121 solus
636 2034 795 2117 intelligit,
817 2041 925 2119 quippe

136 2124 188 2209 qui
210 2121 291 2187 solus
317 2134 416 2184 totam·
435 2117 624 2182 eternitatem
647 2118 743 2197 capit)
771 2121 926 2185 mundum

136 2226 234 2268 creare
249 2203 397 2268 constituit
405 2203 482 2283 apud
496 2201 541 2279 se;
561 2201 643 2282 quod
651 2201 805 2265 decretum
814 2202 925 2283 postem

135 2286 244 2351 statuto
267 2301 427 2367 tempore,
455 2284 629 2365 exsequutus
645 2282 700 2354 est.
739 2280 829 2347 Licet
850 2284 927 2353 aeiio

135 2369 198 2441 haec
211 2386 277 2430 non
290 2367 324 2428 fir
343 2381 487 2431 coaeterrra
500 2367 620 2429 decrero
635 2413 645 2445 ,
667 2378 768 2433 tamen
782 2368 855 2430 nihil
874 2387 928 2433 na·

135 2464 207 2513 turae
221 2449 327 2515 divinae
340 2448 504 2527 prestantiae
518 2448 653 2525 detrahit,
676 2444 746 2508 crim
763 2467 828 2510 non
844 2444 928 2515 suffiti

137 2529 258 2598 effeetus
275 2529 402 2609 confini,
423 2529 473 2592 sed
482 2533 578 2593 aeterni
592 2528 878 2609 decretiexsequutio
885 2533 927 2599 fir.

138 2616 278 2693 Similiter
300 2613 478 2679 mutationes
493 2658 503 2692 ,
520 2631 596 2691 ¹quer
617 2610 649 2672 in
669 2611 755 2673 rebus
777 2618 929 2699 corporeis

140 2698 304 2777 constanter·
317 2695 457 2761 eveniunt
500 2695 601 2773 quales
615 2689 682 2757 sunt
698 2705 872 2773 temporum
885 2701 931 2763 vi-

133 2778 333 2862 ·eiffitudiner,
353 2775 441 2857 crim,
461 2740 628 2839 fecundirm
641 2774 785 2853 quasdam
794 2782 871 2863 leger
885 2780 931 2843 se·

132 2868 203 2947 ¹mel
216 2864 338 2945 positas,
356 2860 469 2941 semper
484 2858 572 2938 fiant,
592 2856 666 2922 nihil
680 2858 786 2927 habent
793 2861 875 2943 quod
881 2860 928 2923 di-

140 2942 630 3035 rimiaedetimmurabilrtatm

830 3104 931 3174 &Aa
