1928 3518
640 40 644 43 ·
679 39 958 69 “TW

115 280 142 345 6
232 267 556 345 Pnnunnron.
589 274 707 345 Senl.
723 270 806 344 01.

117 364 217 431 (lione
226 367 317 430 animi
325 367 362 430 ad
370 369 583 449 nospervenit,
604 368 727 450 &cujus
742 371 833 432 etiam
849 386 913 431 non

117 453 359 527 contemplamur
373 451 488 531 ideam,
511 465 590 514 entra
604 471 660 514 nos
677 454 768 513 veluti
781 450 915 513 exsisten-

118 547 190 594 tem.
233 530 317 595 Cum
332 535 402 613 quid
419 534 508 596 snnus
521 535 569 613 ipfi
587 582 596 612 ‚
618 534 668 613 qni
686 536 913 611 ratiocinamur,

118 616 305 695 quaerimus;
332 619 537 697 quorumdam
560 619 643 679 nobis
660 618 770 679 conscii
786 617 912 692 summ,

117 715 185 778 quae
198 699 230 761 in
242 701 328 764 nobis
343 698 416 780 effe,
437 699 496 763 fine
510 701 732 764 ratiocinatione
749 703 828 779 ulla,
847 699 913 760 sen·

118 782 220 845 timus.
241 781 355 864 Neque
369 804 403 846 ea
418 783 502 847 instar
510 786 635 847 aliarum
643 802 759 862 rerum,
780 785 810 845 in
826 782 925 859 ideis,.

117 863 199 946 quast
214 867 246 927 in
259 868 364 930 tabulis
378 866 578 947 quibusdam,
607 868 800 945 contemplari
816 861 914 943 ponu-

117 965 206 1024 mus3
225 947 275 1011 sed
283 963 383 1012 tamen
391 952 466 1012 intra
473 946 609 1028 noseffe‚
632 947 812 1013 conscientid
827 948 914 1011 inter·

117 1029 174 1109 ni,
195 1030 449 1111 deprehendimus.

159 1129 187 1193 3.
210 1111 444 1193 Comparatione
459 1128 493 1177 ut
507 1133 573 1176 renr
587 1113 765 1178 illustremus
780 1160 789 1193 ,
816 1114 914 1175 oculis

118 1193 226 1258 nostris
248 1194 359 1276 duplici
379 1199 493 1261 ratione
516 1197 630 1279 objedia
643 1196 831 1263 innotescunt
853 1194 915 1272 (de

118 1279 217 1342 oculis
231 1279 403 1362 loquimur,
423 1279 502 1362 quafi
518 1283 600 1345 oculi
616 1281 777 1360 sentirent,
798 1293 832 1342 ut
846 1283 914 1342 vul-

117 1361 274 1445 gussolet,
295 1364 424 1428 docendi
432 1362 534 1443 causi)
549 1385 621 1429 nam
635 1365 774 1445 quadarn
788 1365 825 1426 ab
840 1382 915 1427 ocu·

117 1446 155 1508 lis
172 1460 333 1510 cernuntur
348 1446 428 1530 quati
445 1462 522 1510 extra
538 1448 568 1511 se
584 1495 594 1527 ,
621 1447 677 1509 alia
693 1443 765 1509 verb
780 1447 857 1509 intra
872 1447 918 1526 ip-

117 1528 167 1592 sos
182 1528 356 1593 sentiuntur.
398 1529 528 1610 Vident,
548 1530 676 1609 exempli
693 1527 808 1608 causi,
830 1531 930 1592 arbo--

118 1631 164 1676 res
179 1624 258 1676 extra
272 1613 302 1677 se
317 1612 439 1695 positas,
460 1613 490 1677 dt
505 1632 705 1696 quecumque
712 1611 859 1691 interdiu,
880 1611 915 1674 sr-

112 1714 160 1759 -ne
173 1696 392 1778 interpositione
406 1695 629 1776 corporis-anus
644 1696 754 1776 opaci„
776 1693 825 1757 fibi
840 1695 920 1775 obji-

119 1781 250 1851 ciuntur.
293 1778 520 1858 Ophthalmiam
533 1779 606 1843 vero
621 1779 651 1843 δι
664 1795 863 1860 quecumque
879 1797 914 1841 ex

111 1878 158 1922 -ea
171 1859 269 1922 fluunt
283 1860 482 1925 incommoda
496 1863 572 1925 intra
586 1862 616 1926 se
632 1909 642 1943 ‚
670 1880 736 1925 non
751 1873 784 1923 ut
799 1858 916 1941 objedta

114 1952 256 2021 externa,
277 1940 415 2006 sentiunt.
434 1942 576 2009 Similiter
588 1945 618 2010 id
632 1943 716 2027 quod
730 1943 917 2006 innobisco·

120 2025 210 2109 girat,
230 2023 260 2087 ἃ
274 2025 358 2106 quod
368 2023 504 2091 Mentem
518 2027 651 2092 nostram
664 2044 828 2105 vocamus,
848 2027 917 2105 plu·

120 2109 198 2173 rima
210 2120 291 2172 extra
304 2108 351 2190 se,
378 2108 457 2191 quafi
471 2109 588 2192 obJ'eeia
602 2108 740 2192 quedam
755 2126 821 2189 quae
842 2127 925 2173 con-

114 2194 297 2291 templator,
318 2206 408 2274 prout
421 2194 507 2274 libet,
529 2193 743 2259 animadvertit.
775 2189 917 2256 proterea

46 2302 49 2308 ·
120 2275 207 2421 {oetgtsot
217 2294 306 2420 ,quera
303 2279 379 2341 intra
391 2275 422 2340 se
435 2290 627 2362 peraguntur,
646 2275 704 2338 sive
711 2274 756 2345 sui
764 2273 850 2361 ipsius
866 2274 929 2341 fibi·

197 2376 243 2420 era

161 2460 193 2522 4.
214 2438 298 2503 Hine
313 2441 347 2504 fit
360 2454 394 2505 ut
407 2437 501 2506 Mens
516 2440 598 2506 dese
610 2439 760 2521 judicium
775 2440 931 2519 nullum„

122 2522 210 2669 ἦιοά
225 2541 290 2586 non
305 2525 414 2588 nitatur
427 2525 460 2589 iis
474 2545 541 2608 quae
556 2526 588 2589 in
604 2524 634 2587 se
647 2520 748 2601 sensit,
769 2520 926 2605 feneposs-

146 2620 167 2668 ι.
210 2603 350 2687 Quarum
363 2606 561 2674 sensationem
575 2624 666 2686 capax
681 2603 732 2683 fit,
760 2596 812 2666 nnt
833 2601 916 2680 post-

123 2687 218 2772 quim
232 2708 281 2752 eas
296 2702 411 2770 experta
425 2690 483 2773 est,
502 2688 603 2754 nescit.
625 2688 668 2751 Ita
683 2686 751 2749 ceci
768 2686 844 2763 nati,
864 2689 928 2766 qui·

122 2789 295 2856 numquam
302 2776 418 2838 colores
426 2777 506 2838 ullos
513 2774 666 2849 viderunt,
681 2766 823 2832 Mentem
831 2767 918 2834 suam

121 2854 205 2933 poffe
219 2855 477 2937 habereejufinodi
486 2855 702 2930 sensationem,
725 2869 819 2931 quarn
833 2868 916 2929 pror·

122 2932 172 2999 sus
179 2938 332 3021 ignorant,
353 2956 392 3002 ne
406 2936 725 3021 quidemsuspicantnr.
768 2931 800 2998 Si
815 2950 918 2997 tanren

123 3019 239 3082 eveniat
253 3039 306 3085 eos
322 3023 485 3086 oculorum
507 3020 597 3086 usum
610 3034 781 3096 recuperare
794 3017 917 3165 b{ruod

845 3114 918 3160 ivo·

122 3098 208 3171 fotid
223 3115 333 3169 nature
349 3106 479 3187 ratione,
499 3115 549 3170 aut
563 3100 787 3171 extraordinarit
803 3184 917 3245 luntate
