1928 3518
134 156 187 256 48
234 158 555 234 Pttnuirnron.
580 157 702 229 Soter.
721 152 848 232 cvl.

132 256 219 337 quati
246 253 411 319 Mentis&
432 250 576 334 Corporis
604 252 787 334 vinculum,
825 248 934 318 eonsti-

134 351 233 400 ruunt.

182 438 227 500 14.
250 418 323 481 Hoc
343 419 466 500 quidem
488 421 612 482 clariora
631 417 698 481 sunt
727 416 932 482 Aristotelico

133 519 207 563 rum
221 501 378 582 responsls‚
399 522 472 564 nam
489 501 635 564 licetnon
651 503 853 584 intelligamus
871 500 929 582 qui

131 583 249 646 ratione
272 584 288 645 i
309 581 380 647 Deo
396 598 575 647 moveantur
586 583 750 664 Corpora,
774 586 806 646 ei
823 598 929 646 tamen

134 667 201 728 -vitn
216 685 322 729 eorum
329 667 553 730 movendorum
567 664 654 728 ineffe
669 665 790 728 constat.
811 664 929 730 Vertim

132 748 174 811 ed
197 745 304 813 Deum
323 751 379 812 viri
402 747 583 829 ec-utiffrmi,
611 747 708 827 potitis
738 745 927 828 conjetturi,

135 827 229 912 quem
249 831 438 895 evidentibus
468 829 562 894 ooeeti
579 833 746 895 rationibus
761 874 776 910 -,
819 831 927 893 confu-

130 915 227 995 giunt.
270 913 351 993 Quia
366 933 430 976 non
451 914 621 996 intelligent
632 911 687 994 qui
707 932 752 975 res
766 912 847 975 aliter
862 913 925 976 fieri

130 1008 238 1074 queat,
259 1015 325 1059 rem
345 997 385 1058 ita
399 996 428 1059 se
442 996 545 1060 habere
561 996 755 1059 contendunt.
797 992 856 1057 Cui
878 1014 926 1058 ra·

134 1078 317 1142 tiocinationi
332 1078 411 1141 iniis
426 1080 511 1142 rebus
525 1081 611 1141 locus
625 1078 666 1142 est
681 1126 691 1159 ,
720 1096 792 1158 quas
807 1078 924 1156 penitus

129 1163 297 1238 novimus;
318 1178 381 1224 non
401 1163 433 1224 in
453 1162 505 1242 iis,
536 1180 665 1241 quarum
686 1163 824 1227 intimam
838 1172 925 1222 natu·

129 1261 200 1304 ram
213 1246 299 1307 nobis
312 1245 448 1328 ignotam
461 1241 521 1307 etse·
529 1243 649 1306 scimus
687 1242 823 1322 Quando
845 1242 922 1306 duos

129 1342 275 1389 numeros
290 1324 368 1388 clare
382 1327 519 1408 cognitos
534 1325 691 1400 habemus,
709 1325 798 1386 facile
812 1324 855 1386 est
868 1325 923 1388 sci·

129 1418 167 1469 tu
180 1426 247 1488 quae
268 1407 411 1488 summe,
439 1408 472 1470 iis
487 1405 607 1486 additis,
634 1404 789 1489 exsurgat,
811 1405 921 1489 &que

128 1489 200 1554 inde
221 1492 331 1555 confici
356 1502 507 1571 nequeam
534 1487 585 1553 sed
605 1489 656 1552 ubi
676 1492 814 1553 alteruter
832 1487 920 1569 plane

129 1573 250 1656 ignotus
267 1573 323 1652 est,
344 1575 426 1653 quie,
448 1571 499 1635 nist
515 1573 701 1651 tancradus,
720 1590 787 1651 quae
800 1570 920 1636 summa

129 1656 164 1718 iis
182 1657 291 1719 confici
308 1669 434 1733 nequeat
460 1654 581 1717 definire
601 1652 701 1716 eufit?
723 1653 868 1717 Similiter
881 1657 918 1734 ii,

127 1737 237 1815 quibus
253 1754 326 1798 eutn
339 1733 455 1798 Mentis
471 1748 538 1797 tum
552 1732 696 1814 Cotporis
705 1735 918 1817 ignotaestna·

126 1831 211 1898 tura,
232 1817 290 1879 fine
297 1819 473 1895 temeritate,
493 1814 551 1896 qui
567 1819 680 1880 ratione
693 1814 867 1881 aiterutrum
880 1820 917 1881 ab

125 1901 304 2047 ffiroaffid
311 1896 412 1981 point,
433 1911 563 1963 autnon
577 1897 679 1980 potiit,
699 1914 852 1982 nequeunt
866 1901 917 1964 de·

195 2003 221 2047 e·
727 2011 730 2017 .

172 2086 222 2147 ις.
242 2064 321 2130 Non
340 2065 470 2147 desunt,
491 2067 544 2148 qtri
565 2079 669 2146 putent
685 2067 760 2131 inter
773 2061 916 2130 Menten'r

126 2149 359 2213 intelletiualem
379 2150 411 2213 ἃ
430 2168 551 2213 merum
564 2148 684 2228 Corpus
704 2150 916 2213 mechanicum

125 2232 305 2294 intercedere
319 2233 433 2294 tertiam
448 2231 652 2311 substantiam,
681 2249 754 2294 eum
774 2251 834 2311 qua
847 2249 916 2308 pro-

125 2310 207 2374 xime
217 2311 379 2391 conjuneta
387 2312 426 2374 est
434 2312 537 2378 Mens.
559 2311 637 2376 Eam
644 2312 832 2376 substantiam
845 2332 917 2391 pree·

124 2393 233 2457 ficiunt
247 2393 678 2460 adrninistrationioeconomiae
686 2395 838 2471 animalis,
861 2414 915 2458 cu·

122 2473 173 2556 jus
188 2475 281 2540 Mens
297 2476 714 2554 nostrantiuimeconsciaest3
735 2478 814 2538 itaut
821 2472 918 2540 Men·

123 2559 148 2623 ti
162 2560 194 2623 in
207 2561 363 2623 movendo
378 2559 514 2642 Corpore
527 2576 639 2641 pareat,
668 2561 821 2638 ceterique
832 2574 916 2623 curet

122 2660 193 2720 quae
206 2644 244 2707 ad
255 2644 498 2708 incolumitatem
518 2645 650 2706 animalis
672 2643 825 2720 pertinent.
870 2640 916 2706 Ea

125 2723 281 2788 substantia
291 2726 431 2790 ,facultate
447 2724 639 2789 ratiocinandi
653 2742 716 2785 non
733 2725 848 2808 magis,
879 2744 915 2789 ex

123 2820 234 2868 eorum
253 2808 415 2888 sententia,
441 2809 558 2888 praedita
570 2804 635 2885 est,
677 2803 770 2885 quim
785 2807 914 2872 Anime

126 2881 307 2966 Brutorum.;
316 2890 365 2953 sed
374 2894 472 2953 totain
481 2885 763 2953 administrationem
770 2888 912 2968 Corporis

125 2968 245 3050 defixa,
273 2973 353 3039 aliud
366 2989 502 3054 preterea
521 2971 593 3037 nihil
610 2971 688 3054 agit,
710 2986 762 3038 aut
776 2970 915 3117 adtet}distai
