1928 3518
129 207 246 294 ztbfl.
262 220 332 293 Do
348 208 775 292 Ghevbcvrsseilll.
802 219 877 307 2'67

76 318 210 403 ‘Senepsos
217 317 328 380 nomine
334 316 399 395 fuit
413 337 422 394 ;
437 313 587 401 perlatbm
606 314 695 396 ueest
748 314 881 378 imumir't

83 425 171 482 eam,
193 416 247 486 per
268 399 392 487 Oppiam
408 398 533 486 legatum
541 335 690 461 Deleboris
738 398 787 485 gis
797 395 881 494 Affl-

74 490 210 565 'riorum,
231 484 446 567 Sacerdotlsque
459 478 609 569 AEgyptios
625 527 635 560 ,
663 500 785 564 quorum
793 497 880 567 prm·

87 586 148 667 ceps
154 567 421 646 fuitPartemeti53
442 564 548 647 diuque
561 562 692 626 habitum
706 562 785 648 apud
799 562 859 644 Aff
865 596 881 612 ·

73 675 157 733 vioe,
171 652 269 739 postea
283 646 444 734 Heliopolin
459 646 669 734 commigravit.
698 646 764 708 Cur
778 645 823 707 ita
830 582 883 723 ic*

84 735 181 816 llum,
202 733 315 820 quique
328 733 441 795 ratione
448 725 575 819 AEgypto
584 726 763 815 propitium,
784 727 883 791 iubae

85 820 162 899 loca,
184 819 234 880 ubi
249 838 325 890 nuuc
340 816 396 898 est,
434 812 506 894 ostea
521 814 649 896 venerit,
671 812 789 897 ritbque
802 809 884 900 Affy⁴

81 904 145 981 rio,
166 901 258 987 magis
271 897 359 985 quim
374 828 434 961 AEp
470 895 511 958 tio
525 896 635 958 colatur
650 941 660 975 ‚
681 894 819 975 diceresne
836 911 885 957 er·

79 985 185 1066 seim,
213 985 282 1068 quia
304 982 345 1044 at
379 995 526 1043 raentem
547 1002 603 1041 nou
626 978 738 1042 adtinet
757 999 883 1041 cauam.

89 1067 180 1129 Nunc
193 1067 260 1127 verb
275 1087 340 1126 eum
374 1087 404 1126 m
415 1063 539 1143 Jovem‚
559 1061 733 1146 Sollmquee
755 1083 793 1141 e,
816 1061 885 1126 cum

78 1171 129 1210 *ex
143 1148 197 1233 ipfh
213 1147 365 1208 Sacrorum
379 1148 466 1227 ritu,
494 1161 559 1207 tum
572 1166 611 1204 eor
632 1143 733 1206 habitu
749 1143 886 1230 digncffci-

89 1248 150 1295 tur.
190 1229 384 1292 Simulacrum
400 1228 476 1290 enim
491 1248 613 1289 aureum
635 1225 691 1305 (ex
705 1226 765 1290 hoc
779 1228 887 1289 metal-

90 1319 122 1379 lo
138 1316 176 1378 ait
191 1311 274 1378 fuilst
289 1310 483 1375 Maimonides
497 1308 664 1373 talismones
671 1306 886 1373 Chaldaeorum

82 1394 230 1476 ‘Solares)
243 1397 336 1481 specie
352 1394 473 1456 imberbi
486 1394 597 1536 aylam
625 1392 734 1456 dextri
746 1392 885 1472 elevati,

93 1502 159 1540 cum
169 1479 264 1565 flagro
278 1480 309 1538 in
323 1477 431 1562 auriga
446 1497 490 1537 mo
510 1498 577 1557 um,
598 1474 675 1539 lava*
684 1491 763 1538 tenet
769 1475 887 1554 fulmen

94 1559 135 1632 eg?
142 1561 244 1645 spicas.
285 1558 357 1647 Qua
372 1556 476 1619 cuneta
490 1555 591 1639 Jovis‚
611 1556 737 1644 Solisque
751 1557 888 1637 confiocia·

87 1660 156 1704 -tam
176 1643 337 1727 potentiam
353 1640 552 1722 demonstrant.
591 1640 690 1724 Hujus
703 1634 816 1726 Templi
828 1639 889 1702 Re·

95 1725 161 1818 ligio
176 1726 265 1787 etiam
280 1724 457 1787 divinatione
465 1719 627 1809 prepollet,
649 1743 711 1808 qua
726 1723 807 1787 adA
825 1722 888 1786 olli·

97 1808 319 1953 mshpotcstatem
334 1806 477 1886 refertur,
498 1806 549 1891 qui
568 1805 644 1868 idem
657 1824 743 1894 atque
763 1737 823 1871 soi
830 1804 887 1870 eil.

94 1891 137 1957 Ve
156 1893 219 1954 itur
242 1893 317 1953 euim
329 1886 521 1965 fimulacrum
537 1887 597 1953 Dei
608 1889 817 1977 Heliopolitani
824 1891 890 1969 fer·

95 1973 173 2055 culo,
195 1974 287 2037 veluti
303 1972 451 2037 vehuntur
465 1973 496 2033 in
504 1989 573 2058 pom
592 1995 611 2033 a
629 1971 761 2037 ludorum
768 1975 890 2037 Circen-

77 2055 165 2131 fium
181 2056 312 2119 Deorum
327 2054 489 2121 Simulacra
502 2089 515 2135 =,
583 2053 710 2133 subeunt
717 2056 891 2141 plerumque

97 2140 262 2201 Provincia
276 2139 430 2218 Praeerat,
453 2137 513 2218 raso
528 2137 619 2220 capite
634 2184 643 2215 ,
670 2137 746 2224 longi
757 2138 891 2224 temporis

98 2221 262 2301 castimonii
269 2223 341 2306 puri
349 2243 358 2299 3
372 2220 569 2304 feruntbrque
584 2217 682 2280 divino
687 2221 814 2307 spiritu,
835 2241 891 2283 uon

90 2306 143 2381 luo
159 2304 303 2383 arbitrio,
324 2305 379 2383 sed
391 2305 444 2390 qul
463 2300 547 2365 Deus
555 2301 707 2389 propellit,
734 2302 866 2369 vehentes
881 2321 892 2383 ς

98 2400 133 2447 ut
153 2384 279 2448 vidimus
303 2386 382 2473 apud
402 2384 527 2449 Antium
547 2387 711 2471 promoveri
730 2386 892 2466 fimulaera

98 2465 307 2549 Fortunarum,
328 2469 369 2531 ad
381 2468 476 2530 doum
489 2469 621 2554 responsa.
643 2469 803 2553 Consulum
816 2468 892 2532 huuc

100 2548 197 2613 Deum
214 2551 254 2624 ὅ
270 2553 415 2631 absentes,
436 2549 522 2631 miffls
536 2552 737 2638 diplomatibus
752 2547 893 2636 cmfigua·

101 2632 447 2718 tis‚rescribltqueordine
462 2634 503 2695 aa
514 2657 548 2695 ea
580 2631 889 2717 uacansultationead·

103 2711 166 2805 :litai
193 2716 382 2780 continentur.
424 2714 471 2777 Sic
498 2715 537 2789 &³
559 2654 719 2802 imperator
746 2707 893 2798 Trajanus

103 2809 231 2856 ruiturus
246 2818 283 2858 ox
304 2813 338 2862 ea
351 2799 513 2863 Provincia
528 2797 687 2863 Parthiam
701 2819 767 2859 cum
782 2798 895 2861 exerci-

102 2893 153 2957 tu,
176 2879 394 2960 constamifflmae
413 2882 467 2947 reli
485 2882 557 2944 iouis
571 2880 751 2944 hortantibus
769 2881 896 2967 amicis,

103 2964 153 3046 qui
175 2962 307 3022 maxima
327 2963 439 3045 htuusce
461 2904 606 3028 lluminis
627 2978 759 3049 ceperant
781 2966 898 3052 experi-

93 3062 216 3125 menta,
237 3061 269 3108 ut
284 3044 318 3106 de
331 3064 438 3113 eventu
452 3045 617 3197 consulehrit
628 3048 671 3113 rei
692 3064 809 3139 capta,
836 3064 898 3203 ff

613 3148 632 3195 2
