1928 3518
96 180 147 261 86
195 178 825 259 Punuurror.reu.1r0.rvl

96 283 246 347 tendunt..
274 279 611 360 Verumpraeterquim
643 279 728 359 quod
757 280 787 343 id
817 281 896 344 affir-

97 380 183 428 mant
196 364 278 444 quod
293 363 445 443 nesciunt,
467 363 578 442 duplici
594 363 679 426 seusu
694 382 759 425 vox
777 365 897 427 haecsu·

96 451 141 510 mi
154 447 255 527 potest.
278 447 434 530 Praestigiae
449 445 464 507 d
479 446 657 527 quibusdam
667 448 709 508 ita
724 448 898 531 intelligun-

96 542 167 608 tur,
197 530 276 609 quusr
306 529 544 592 Caeodaemones
573 529 656 610 quod
685 529 835 608 nusquam
855 529 897 592 est

95 611 177 691 quast
193 610 286 693 effer,
308 613 434 676 sensibus
450 612 609 692 objiciant3
638 627 671 673 ut
683 610 826 691 Domus,
846 632 897 675 ex-

95 696 188 774 empli
201 695 314 776 causi,
341 697 379 758 ibi
399 695 532 758 videatur
552 694 632 774 effe,
660 696 711 757 ubi
738 699 823 757 nulla
844 695 894 757 est.

97 775 158 841 Sed
172 792 206 841 ut
220 779 279 840 hoc
294 780 362 859 fiat,
384 790 434 840 aut
450 779 604 840 cerebrum
618 775 812 856 spetiantium
822 796 896 840 mo·

97 873 194 941 vent,
220 874 255 924 ut
277 860 353 924 solet
373 862 490 923 moveri
505 859 629 962 quando
643 860 812 922 obversatur
826 857 897 923 Do·

97 961 194 1021 mus;
214 945 315 1005 autin
336 945 403 1005 re're
415 940 539 1005 Domus
559 942 687 1020 speeiem
708 941 895 1022 quamdam,

96 1028 297 1105 quauoeulos
325 1023 520 1103 speetantium
541 1027 704 1102 percellat„
731 1023 911 1087 exstruunt..

97 1105 288 1170 Alterutrum
308 1118 411 1170 autem
431 1108 579 1192 eligatur,
601 1105 820 1170 ostendendum
841 1111 906 1171 erit·

96 1190 259 1269 quomodo
273 1190 333 1252 hoc
348 1209 413 1253 non
427 1189 460 1252 srt
474 1208 582 1252 verum
597 1191 779 1252 miraculum
792 1210 801 1265 ;
820 1209 894 1253 nam

99 1271 230 1352 &supra
244 1274 321 1336 vires
338 1275 506 1352 humanas,
526 1271 555 1334 ἂ
570 1285 673 1350 praeter
688 1286 800 1334 naturae
816 1273 896 1335 ordi·

97 1373 187 1433 nem,
207 1354 290 1419 &eo
307 1373 458 1436 tempore,
478 1372 541 1436 quo
549 1351 663 1434 Magus
675 1356 755 1432 vult,
776 1368 896 1417 utrum-

97 1437 215 1517 que-fit.

144 1537 192 1581 η.
214 1518 373 1608 Praestigiae
384 1518 500 1583 abelus·
513 1517 893 1600 dic'unturartesquaedam,

100 1601 216 1666 insola
243 1603 410 1667 dexteritate
425 1649 444 1682 ‚„
465 1601 495 1664 dt
516 1603 660 1664 celeritate
680 1600 762 1677 fitae3
792 1605 912 1681 quales-

99 1685 168 1748 suut
183 1686 364 1769 Agyrtarum
378 1734 403 1765 „
418 1685 469 1765 qui
482 1692 632 1760 manuum
647 1683 817 1746 dexteritate.
826 1731 853 1763 r·
864 1684 895 1746 ut

97 1780 186 1829 motu
208 1770 364 1830 celerrimo
385 1779 519 1845 pertenta
538 1766 676 1847 quaedam
693 1769 788 1850 vulgo
809 1767 895 1830 edere

96 1848 242 1911 videntur.
265 1849 381 1912 Verum
396 1860 435 1909 ut,
444 1848 561 1926 prorsus
575 1849 672 1932 negari
688 1851 813 1928 nequit,
836 1848 896 1912 Ca·

98 1929 289 1992 eodaemonas
313 1930 390 1994 forte
409 1931 517 1993 artibus
538 1929 686 2010 ejusmodi
705 1936 827 1995 valere:
854 1933 894 1994 ita

98 2012 189 2075 etiam
203 2015 308 2076 omnia
316 2034 387 2095 quae
402 2013 510 2076 abrilis
524 2011 601 2076 uua
615 2013 756 2076 dieantur
778 2015 812 2076 iis
827 2014 895 2076 arti·

98 2097 154 2158 b'us
169 2097 266 2180 peragi
281 2095 421 2176 potuisse,
440 2098 490 2160 vix
506 2095 644 2159 credibile
658 2095 707 2158 est.
738 2093 824 2159 Tuta
838 2095 909 2159 dif·-

99 2179 216 2242 fieultas
235 2181 285 2243 fita
302 2181 343 2244 est
359 2185 391 2246 iu
404 2179 585 2243 inveniendo
607 2191 746 2258 portento
761 2181 914 2258 explora*-

98 2264 291 2338 taerveritatis,
314 2267 361 2327 cui
375 2263 569 2343 quantumvis
586 2262 712 2326 mirrbili
727 2263 814 2340 aptari
828 2259 897 2340 pos-

98 2342 134 2403 rie
159 2344 243 2419 quod
273 2344 310 2404 de
334 2344 478 2426 praestigiis
504 2345 620 2406 dieitur.
669 2341 787 2405 Verum
807 2344 897 2422 hujus

98 2422 234 2499 opusculi
249 2423 525 2504 limites-ardicus,
546 2443 603 2486 nos
619 2425 695 2489 hunc
714 2427 746 2487 in
764 2443 830 2487 rem
852 2429 897 2487 la·

98 2502 154 2568 tius
165 2503 334 2587 exspatiari,
355 2507 592 2587 nonnprtiuutur.
