1928 3518
161 183 486 254 P'N'nunraron.
513 173 784 253 narrauit.
815 192 897 256 ιιι·

85 273 427 342 extentioncmnoneffi:
442 295 567 356 corpus3
588 276 638 340 sed
656 289 708 338 eos
710 275 886 356 jubebimus

87 365 120 424 in
136 361 167 422 se
181 359 257 438 iplos
272 359 446 422 descendere
461 405 471 438 ,
499 358 529 421 ἃ
552 360 705 443 diligenter
719 361 886 440 expendere

87 443 162 521 quid
178 443 356 525 intelligant,
375 441 498 520 quando
513 441 617 505 dicunt
629 444 756 504 materia
763 445 883 510 initium

87 529 191 586 ullum
200 522 252 586 ise
268 525 385 602 concipi
399 521 566 604 nonpoise,
573 524 701 606 ideoque
707 528 831 593 nullum
838 527 882 598 es*

86 607 128 669 so.

129 707 177 752 10.
198 687 230 754 si
248 691 315 770 quis
329 682 432 751 dixerit
445 689 598 750 materiam
613 685 717 772 coepaffe
731 687 887 774 exfistm,

85 771 293 852 propositionis
322 770 443 849 hujusce
463 789 528 833 non
547 770 645 835 modo
665 770 883 851 subjeetum&

84 859 262 919 attributum
291 854 385 934 probe
405 855 620 935 intelligimus,
648 852 698 917 sed
719 857 809 918 etiam
829 876 883 920 eo·

87 957 156 1001 rum
177 955 291 1000 nexum
306 933 446 999 'distincte
465 938 650 1018 percipimus.
689 937 763 1000 Hoc
781 957 881 1006 unum

86 1021 161 1083 fallit
180 1038 250 1098 eos,
269 1021 320 1099 qui
328 1020 447 1081 initium
461 1023 588 1085 materiae
597 1019 632 1082 'se
644 1020 804 1105 intelligere
810 1022 884 1102 pos-;

84 1102 116 1163 se
134 1115 261 1184 negant,
287 1103 355 1182 quia
366 1102 447 1163 nihili
461 1103 564 1182 quod,
583 1115 617 1163 ut
631 1102 671 1163 ita
685 1105 809 1182 loquar,
829 1124 880 1168 ex·

85 1182 244 1246 fistentiam
258 1187 385 1247 materia
406 1181 576 1262 antecellit,
611 1182 767 1262 pofitivam
780 1185 883 1250 ideam

84 1269 225 1348 effingere
242 1269 371 1344 vellent;
392 1285 459 1346 quac
472 1279 574 1330 tamen
588 1265 677 1328 fallax
699 1263 784 1345 effer,
805 1265 883 1331 edm

82 1351 166 1412 nihili
180 1352 302 1411 niallam
317 1362 522 1429 conceptum,
550 1347 602 1410 nisr
618 1350 807 1433 negativum,
821 1349 878 1414 ha·

84 1433 152 1494 bere
168 1450 324 1512 queamus.
346 1431 438 1516 igitur
452 1431 575 1512 quando
591 1433 755 1516 cogitamus
771 1431 808 1495 de
822 1433 879 1496 ini*

82 1517 126 1577 tio
139 1516 286 1594 materia,
308 1533 372 1577 non
388 1512 428 1574 est
442 1513 614 1597 negandum
629 1515 659 1576 id
672 1513 688 1574 i
702 1515 789 1576 nobis
801 1531 877 1576 corr-

81 1599 156 1677 cipi,
182 1595 268 1677 quod
283 1596 381 1660 ideam
396 1588 501 1678 statiis,
539 1595 729 1676 quimateriae
745 1591 877 1657 existen·-

79 1682 155 1741 tiam
174 1677 337 1758 praeceffit,
373 1682 490 1742 nullam
515 1679 674 1746 habeamus
701 1675 883 1757 pofitivamr

79 1765 246 1824 namnulla
260 1761 425 1841 effedebet,
445 1757 658 1842 aequepotest,
677 1759 833 1825 nififallax.
874 1808 882 1818 ,,

127 1861 176 1905 ιι.
204 1843 287 1907 Hinc
308 1847 447 1930 colligere
470 1844 534 1924 est,
565 1863 591 1905 1.
619 1845 764 1922 quoniam
783 1845 873 1926 nihil,

80 1945 178 2006 neque
198 1930 229 1990 in
251 1922 418 2007 Spiritibus,
438 1947 534 2008 neque
554 1928 586 1988 in
606 1923 759 2007 Materia,
793 1928 875 1990 vide·-

82 2027 177 2087 mus,
207 2009 290 2088 quod
311 2029 418 2073 eorum
432 2010 642 2073 AEterhitatem
661 2009 788 2086 prodat,
816 2009 874 2069 sal-

81 2104 198 2153 remea
219 2093 276 2153 elle
305 2108 410 2155 aterna
441 2095 586 2155 affirmare
614 2105 671 2150 nos
692 2107 756 2150 non
777 2086 875 2166 polle:

83 2192 111 2234 2.
135 2170 208 2234 ciam
234 2173 354 2251 Spiritus
381 2176 410 2238 dt
438 2172 568 2237 Materia
595 2171 728 2232 laborent
756 2166 875 2233 defecti*

83 2259 140 2319 bus
170 2257 325 2335 marinis,
361 2277 425 2320 non
450 2256 530 2335 polle
557 2255 589 2317 iis
611 2254 695 2316 tribui
717 2253 875 2333 proprieta-

82 2353 148 2399 tem
176 2338 314 2401 omnium
368 2337 607 2403 raellantiffimam
643 2335 873 2416 AEternitatem3

82 2421 220 2498 adeoque
239 2420 288 2483 illa
308 2441 324 2483 e
348 2444 364 2485 e
384 2438 479 2486 ereata
498 2425 534 2485 ab
554 2420 609 2484 alia
629 2417 772 2501 Natura,
805 2438 880 2503 quae,

83 2504 138 2566 illis
155 2503 342 2581 proprietates
359 2552 368 2584 ,
397 2525 471 2586 quas
484 2506 597 2584 voluit,
626 2505 752 2568 attribuit
768 2525 777 2580 ;
798 2521 872 2582 quas

82 2588 179 2649 visum
195 2583 235 2646 est
250 2604 372 2669 negare,
394 2607 458 2649 non
473 2588 560 2650 dedit.
581 2585 676 2667 Quod
690 2587 775 2648 habet
786 2584 879 2661 perse.

83 2664 873 2751 idquodmajuscst,potiorijureidhabebitquodmi-

80 2769 136 2816 nus
148 2749 307 2830 judicatur.
350 2751 484 2834 Ideoque
498 2752 581 2834 quod
595 2750 685 2814 eliab
700 2746 786 2808 omni
794 2756 881 2813 aeters

81 2839 188 2912 nit-ate,
211 2830 316 2897 idsane
327 2836 399 2898 nihil
408 2832 539 2919 est'quod
546 2845 596 2915 per
604 2824 874 2897 sehaberenondo

81 2919 152 2983 bear.
571 2997 582 3006 ·

118 3074 224 3149 limus
248 3081 293 3145 11.
351 3071 356 3079 ⁸
540 3073 567 3148 F
579 3050 582 3054 -
721 3060 771 3144 id.
792 3076 875 3145 Hinc
