1928 3518
129 189 202 270 134
223 157 543 241 Pur-rarior«.
560 164 723 242 Seli'm.
736 160 879 241 cvm·

141 318 144 323 .
166 282 201 326 a.
219 260 347 341 Duplici·
358 260 472 323 ratione
494 258 601 322 divinae
616 261 807 339 proprietates
821 262 926 326 in'finiss'·

122 358 158 408 tae
173 345 230 408 dici
245 341 380 424 pollunt,
401 340 746 418 numero-,deintenfioner
773 342 926 408 Numero.

121 427 242 490 infinitae
262 426 331 488 sunt
351 426 539 504 proprietates
567 424 696 504 divine,
724 424 809 505 quod
832 425 918 490 Deus

120 509 151 570 in
172 508 202 571 se
222 505 439 588 compledtatur
460 506 648 587 proprietates
667 526 775 570 omnes
802 508 920 588 poffibi-

120 592 163 651 les
172 608 185 669 ,·
201 609 269 673 quae
285 605 329 655 tot
346 590 568 670 suntnumer0,
589 604 623 653 ut
631 609 802 670 numquam
810 593 919 655 exhau-

120 673 169 735 riri
184 685 303 754 queant.
341 672 415 735 Hoc
427 671 496 737 inde
509 675 617 752 liquet,
638 670 722 753 quod
742 671 826 735 Deus
848 694 920 737 om·

120 756 171 818 nia
183 753 325 834 poffibilia
339 757 456 818 efficere
469 768 580 835 queat,
599 755 651 818 seu
665 756 768 817 omnia
781 774 918 835 quorum

118 837 199 901 ideas
212 835 510 916 formarepoffumus
525 883 535 916 ,
552 834 573 911 ¹i:
593 839 687 900 nihilo
707 836 856 917 educere,
882 852 918 901 ut

119 919 196 983 infra
209 917 416 995 ostendemus3
437 931 646 981 nemoautem
663 918 731 980 dare
737 917 823 997 poffit
830 921 915 1000 quod

119 1018 185 1064 non
199 1000 301 1081 habet,
315 1014 355 1064 ¹ut
370 1000 443 1079 saepe
458 1000 594 1063 diximus.
635 999 728 1082 Igitur
741 998 828 1064 Deus
845 1022 916 1067 om·

119 1100 172 1145 rres
186 1085 330 1148 omnium
343 1102 443 1145 rerum
459 1081 638 1161 poffibilium
652 1084 916 1162 proprietatesinse

120 1164 224 1310 habest?
242 1166 395 1248 ideoqum
408 1166 458 1228 vel
473 1165 532 1228 hoc
545 1162 695 1247 respedtu,
714 1166 847 1231 infinitus
855 1167 916 1232 diei

120 1260 189 1327 ΡΟῑθ
214 1294 221 1309 ·
547 1312 551 1317 -

162 1348 198 1413 3..
212 1327 245 1394 Si
259 1328 384 1408 omnia,
404 1349 473 1410 quae
479 1329 577 1408 sunt,
605 1326 793 1392 Naturarum
807 1347 917 1412 genera

118 1413 206 1475 nobis
220 1425 294 1475 nota
306 1409 396 1475 effent
410 1459 423 1491 .‚
449 1409 527 1476 forte
541 1409 611 1475 inde
631 1413 721 1474 etiam
736 1411 915 1478 infinitatem

118 1489 181 1558 Dei
194 1496 335 1577 colligere
348 1491 508 1574 pollemus.
550 1492 681 1558 Fortalle
696 1495 779 1557 enim
792 1494 921 1559 suntin·

119 1577 205 1642 finita
217 1573 345 1643 Eritium
358 1597 389 1642 re
402 1575 464 1658 ipsa
478 1576 675 1641 exsistentium
688 1595 795 1661 genera
809 1624 819 1657 ,
847 1578 917 1642 inli-
931 1617 936 1623 -

120 1662 234 1741 nitique
249 1679 356 1724 eorum
369 1661 476 1744 gradus
490 1657 915 1725 interNihilum&summam

120 1740 674 1821 illamNaturamquaeomniaenihilo
688 1742 799 1805 eduxit.
822 1740 914 1806 Certe

119 1822 290 1902 opificem,
301 1824 385 1902 cujus
394 1822 555 1887 estinfinita
561 1825 770 1903 beneficentia,
784 1843 850 1887 non
863 1825 933 1888 de·-

95 1976 98 1981 ,
119 1905 203 1969 decet
210 1923 353 1968 numerus
360 1905 491 1969 infinitus
498 1904 727 1985 Creaturarrrm,
747 1907 913 1986 inquasin·
933 1947 936 1950 -

118 1985 266 2052 erdraustas
275 1986 339 2051 suas
347 2006 417 2068 opes
425 1986 567 2052 effuderit.
588 1986 647 2052 Sed
655 1987 912 2069 quia'conjeduris

119 2067 170 2134 hie
177 2089 261 2156 agere
269 2075 431 2151 nolumus,
452 2072 547 2151 priore
562 2069 659 2152 potius
672 2071 921 2153 ratiocinatione,.

119 2153 159 2216 ad
176 2155 361 2235 probandam
373 2155 549 2220 infinitatem
569 2156 781 2236 proprietatum
799 2155 915 2219 divina·

118 2255 208 2316 rum,
226 2240 379 2300 nitimur...
532 2264 537 2283 ·
713 2270 716 2277 ·

116 2347 119 2352 ·
160 2337 191 2398 4.
210 2316 367 2392 Intenstone
379 2317 455 2380 verb
469 2321 591 2384 infinitae
603 2320 670 2385 sunt
683 2318 743 2384 Dei
758 2316 927 2399 persediov

120 2415 171 2460 nes
187 2442 197 2475 ‚
221 2395 307 2477 quod
327 2400 429 2460 nullus
443 2420 547 2466 earum
563 2405 626 2481 capi
642 2401 727 2481 poffit
740 2401 884 2462 terminus
901 2447 912 2480 ,

120 2495 207 2559 atque
220 2479 259 2542 ad
272 2480 377 2541 omnia
390 2483 508 2559 prorsus
523 2482 682 2566 objeetaad
698 2500 746 2543 eas
761 2482 924 2559 pertinen--

118 2564 160 2626 tia
179 2561 379 2626 emendantur.
420 2559 558 2645 Exempli
581 2561 690 2642 causi,
717 2561 833 2624 duratio
847 2558 913 2627 Dei
935 2573 938 2578 '

119 2645 226 2709 dicitur
241 2644 380 2721 irenem.
389 2646 461 2725 quia
473 2666 570 2729 neque
584 2646 681 2709 habuit
694 2644 835 2725 initium,
857 2664 914 2711 ne-
932 2688 935 2693 -

119 2747 180 2810 que
193 2729 287 2793 lirrem
301 2727 431 2791 habimra
448 2727 499 2791 est.
539 2728 648 2794 Nemo
668 2727 762 2807 potest
780 2729 913 2796 indicare

118 2811 231 2876 divinar.
240 2811 400 2876 dmationis
412 2813 578 2877 terrrrinum
590 2857 600 2893 ‚
627 2813 705 2874 ultra
721 2831 816 2893 quem
823 2810 911 2877 Deus

120 2912 217 2975 neque
245 2896 353 2977 fuerit,
381 2914 478 2976 neque
497 2896 575 2975 erit,
602 2906 635 2957 ut
655 2893 839 2962 ostendimus
859 2897 910 2959 ulai
932 2905 935 2911 '

117 2977 159 3044 tle
172 2975 348 3046 AErernitate
360 2980 484 3065 egimus
524 2976 654 3046 Scientia
666 2975 727 3046 Dei
741 2976 911 3124 infiniglatgri·

899 3106 912 3142 2
