1936 3526
52 254 56 261 ,
148 216 153 277 ²:
191 175 808 255 Pnn·uu-Auon.8e5i.I.C.1Vs

72 290 154 335 ....i

243 510 246 515 ³
305 378 490 488 Canu
518 439 542 487 n
593 410 668 486 IV.

135 575 194 644 ‘De
209 530 585 746 PhanffaQ'dmffli
610 575 647 648 (ἃ
663 565 841 649 Habitibus

433 729 436 734 .
466 697 555 749 entis.

91 869 120 916 1.
134 854 212 978 M
222 847 285 919 Ens
300 818 398 954 nostra
413 875 477 920 non
500 851 601 954 modo
623 815 689 938 quoe
700 857 886 953 ‘proprietati-

222 941 275 1002 bus
302 941 444 1003 ommbus
468 957 616 1019 corporeis
644 937 778 1002 destituta
799 939 887 1022 sunt,

88 1032 122 1082 ut
136 1021 215 1104 ideas
231 1019 383 1087 abstrudas
397 1069 411 1104 ,n
441 1022 471 1086 dt
487 1021 884 1118 propositionesgenerales,

87 1103 202 1185 aliaque
217 1104 395 1185 incorporea
407 1106 554 1190 intelligit
561 1125 580 1185 '3
607 1122 715 1167 verum
736 1106 826 1167 etiam
839 1124 886 1167 re-

87 1204 157 1251 rum
175 1205 388 1265 corporearum
401 1189 544 1274 imagines
559 1200 626 1252 ante
640 1186 670 1250 se
678 1185 823 1250 versantes
840 1189 885 1250 vi-

88 1266 160 1350 det,
188 1268 260 1333 caim
274 1267 489 1351 ubipraesentes
505 1318 516 1351 ‚
543 1284 611 1334 tum
629 1271 680 1332 ubi
693 1268 823 1331 absentes
839 1289 885 1334 res

87 1351 154 1430 ipsae
169 1353 254 1415 ¹sunt.
296 1353 444 1416 Videmus
465 1352 670 1416 obversantem
690 1352 777 1412 nobis
797 1354 886 1414 arbo-

86 1449 168 1514 rem,
191 1432 312 1516 quando
330 1436 455 1498 interdiu
463 1437 600 1499 arborem
608 1436 778 1510 intuemur;
800 1453 884 1497 eam-

85 1515 158 1581 dem
173 1517 331 1581 insomnis
348 1518 500 1581 interdum
514 1519 681 1595 cernimus,
709 1513 786 1583 &ui
809 1518 884 1580 ilau-

87 1611 130 1663 tes
139 1601 515 1666 absenteminmemoriam
528 1616 716 1664 revocamus.
738 1594 782 1660 Ea
832 1618 884 1670 en-

85 1684 122 1745 tis
138 1684 262 1746 facultas
277 1681 456 1763 Phantafia,
477 1683 561 1764 quod
582 1681 810 1760 Phantasma,
831 1682 883 1744 seu

84 1766 227 1906 imsagines
243 1782 565 1843 corporearumtemm
580 1766 814 1844 contempletur,
839 1765 884 1827 di·

85 1846 113 1907 ci
133 1849 204 1908 olet.

127 1940 153 1987 2.
175 1925 226 1991 Ut
240 1929 439 2012 intelligamus
460 1929 606 1992 facultatis
622 1927 710 2008 hujus
726 1941 882 2010 naturam,

84 2009 220 2073 accurate
236 2010 322 2080 distin
365 2012 480 2075 endum
500 2012 584 2092 quod
603 2013 634 2074 in
655 2013 759 2074 animo
780 2010 882 2074 nostro

84 2093 137 2174 fit,
158 2096 243 2158 nobis
261 2114 300 2159 co
336 2096 404 2176 ciis,
431 2095 554 2176 quando
572 2095 726 2176 quidpiam
739 2096 882 2177 imagina-

83 2195 170 2264 mur,
192 2180 282 2240 abeo
300 2178 385 2258 cujus
402 2179 581 2242 consciinon
596 2177 717 2256 sumus,
739 2176 789 2239 sed
798 2177 881 2257 quod

83 2259 197 2320 ratione
213 2262 284 2321 colli
307 2261 394 2321 ‘mus
416 2259 500 2324 Prius
514 2262 620 2323 dicitur
636 2257 693 2322 effe
705 2261 737 2322 in
752 2257 881 2341 Mente,

83 2337 226 2419 posterius
233 2342 263 2402 in
310 2359 425 2419 orpore.

125 2439 154 2503 3.
178 2419 228 2484 Ut
244 2420 259 2483 i
273 2421 423 2501 posteriori
440 2421 560 2485 initium
574 2421 735 2501 faciamus,
755 2422 879 2499 quando

82 2505 168 2568 nobis
191 2504 361 2568 obversatur
383 2504 571 2589 uigilantibus
595 2502 749 2585 objedum
767 2521 883 2582 -cotpo-

81 2607 186 2668 reum,
207 2586 339 2668 primum
350 2587 512 2652 radii-lucis
528 2589 565 2651 ab
579 2606 617 2650 eo
624 2585 742 2667 objecto
758 2584 795 2646 ad
804 2604 882 2651 ocu-

82 2674 129 2736 los
139 2670 263 2735 nostros
272 2673 415 2751 veniunt7
438 2683 471 2730 ut
486 2671 518 2745 in
531 2668 652 2750 Physica
670 2666 881 2749 ostendemus3

81 2751 234 2836 secundo,
265 2754 284 2818 ii
299 2755 389 2834 radii,
417 2753 469 2835 qui
481 2750 570 2817 'instar
586 2749 736 2814 fluduum
752 2752 881 2816 internas

82 2840 247 2903 oculorum
264 2850 356 2918 partes
370 2835 495 2914 feriunt,
524 2847 650 2896 movent
669 2852 796 2914 nervos,
816 2836 882 2916 qui·

82 2917 136 2980 bus
152 2921 254 2982 tunica
267 2924 431 2987 oculorum
446 2937 513 2998 qua
522 2917 616 2979 retina
631 2916 737 2980 dicitur
751 2917 881 2995 constan

80 2999 187 3083 tertio,
209 3002 233 3066 is
250 3017 354 3070 motus
369 3019 534 3070 nervorum
547 3001 584 3071 ab
601 3002 766 3068 oculorum
777 3002 882 3065 intuma

815 3098 881 3163 1³³1·
