1936 3526
161 187 486 265 Purunnrot..
511 190 635 265 Saul.
658 188 776 267 0111.
827 221 872 283 19

81 292 148 368 tin,
168 285 345 367 merit,
371 284 665 368 utfelicesvivant,
692 285 748 369 a,
776 288 874 355 stiieri

84 368 876 453 pouitnammconsequanturbenitudnemffan-

84 454 112 518 ti
126 456 156 517 vi
169 452 208 517 eb
221 453 385 534 ferunnsr,
417 464 453 516 ut
479 455 674 535 noqueuntin
688 457 875 519 contrarium

80 538 217 617 tendere,
234 549 289 599 aut
302 554 367 599 non
381 548 483 616 optate
496 534 676 601 felicitatem.
704 536 806 621 Itaque
822 541 874 603 ubi

81 622 118 686 de
131 621 260 685 summo
268 619 367 703 agitur
373 620 486 699 bono..
492 620 577 682 nulla
590 618 813 685 estdeliberandi
819 619 875 685 Li·

80 706 200 785 bcrtas,
228 702 260 765 id
273 696 435 765 necessario
450 700 699 781 concupiscimus.
737 703 782 767 At
793 706 874 770 bona

75 790 226 865 minora,
253 798 288 849 ut
301 785 369 847 sunt
384 786 511 864 omnia,
538 803 606 865 quaa
626 784 665 849 ad
684 786 761 848 hanc
782 789 875 851 vitam

82 872 248 950 pertinent,
268 880 386 947 optare,
404 880 456 930 aut
469 885 536 930 non
549 880 668 948 optare,
688 884 875 948 quarereaut

82 954 232 1037 negligere
247 947 423 1030 poffumus..
452 946 552 1014 Nulli
568 948 748 1015 inelublabili
763 952 877 1033 cupidi·

81 1050 142 1102 tate
154 1034 194 1099 ad
208 1052 245 1097 ea
257 1029 464 1113 amplodienda
480 1032 612 1097 ferimur.
652 1029 789 1114 Exempli
805 1056 876 1100 cau-

85 1119 140 1199 si,
160 1117 627 1197 optarevoluptatempercipere,
647 1136 713 1197 qua
728 1117 769 1182 est
784 1120 876 1185 inco·

83 1199 241 1267 medettdo
251 1196 351 1263 frubiu
370 1199 517 1279 quopiam
530 1247 551 1280 ,.
567 1199 776 1280 eumdemque
784 1206 877 1287 negli-

83 1304 155 1371 gere
168 1281 291 1365 quisque
303 1282 334 1346 se
348 1278 431 1362 poffe
443 1280 538 1345 sentit.
580 1280 647 1346 Ubi
657 1294 796 1362 putamus
805 1287 876 1350 boni

83 1367 252 1450 cujuspiam
266 1364 412 1445 praesentis
434 1365 608 1431 fruitionem
630 1367 752 1429 noxiam
778 1367 877 1448 postea

83 1454 173 1516 nobis
185 1449 346 1528 stitutum,
376 1447 409 1511 id
430 1447 524 1511 refu·
558 1467 603 1512 us.
642 1447 773 1513 Atnihil
788 1450 877 1531 quid·

86 1530 247 1616 quamdi,
267 1529 484 1612 quodinnobis
505 1531 809 1595 summaebeatitudinis
825 1552 894 1604 cu-.¹

86 1616 269 1699 piditateme
311 1614 319 1630 ‘
383 1629 432 1673 ere
452 1623 549 1693 queat.
590 1610 674 1672 Hinc
687 1613 879 1691 cupiditatem

87 1704 244 1765 bonorum
258 1696 300 1759 lin
353 1713 446 1757 otum
460 1691 518 1757 effe
531 1693 655 1758 liberam
669 1740 679 1774 ,
700 1692 750 1759 sed
764 1694 876 1760 summi

87 1784 167 1849 illius
182 1779 268 1860 boni,
297 1777 383 1859 quod
398 1778 503 1844 omnia
519 1774 742 1859 complectitur,
764 1780 878 1865 cupidi-

85 1879 177 1930 tatem
190 1857 489 1927 neceffariameffeoo
530 1861 670 1925 oscimus.

126 1952 176 2012 16.
206 1945 258 2008 lli.
286 1942 425 2024 Corpore
441 1962 484 2006 no
520 1964 542 2007 0
563 1958 646 2010 certo
659 1945 756 2010 modo
781 1947 878 2028 dispo-

84 2030 140 2095 sito
164 2030 194 2094 ἃ
217 2025 348 2106 affecto,
380 2025 542 2090 necessario·
557 2029 695 2107 quaedam
714 2030 878 2107 sentimus3

84 2133 160 2196 quas
181 2110 383 2189 sensadolus,
419 2111 556 2190 quamvis
577 2112 733 2189 velimus,
762 2115 878 2175 amoliri

83 2197 259 2276 nequimus.
299 2193 341 2255 ita
355 2192 376 2254 fi
392 2210 501 2256 manus
516 2192 603 2257 nullo
619 2195 727 2257 morbo
742 2210 880 2276 corrupta

83 2293 214 2357 matur,
251 2272 409 2340 necessario
430 2274 626 2340 sensationem
645 2276 879 2343 molestiffimam

84 2363 283 2441 habebimus,
304 2358 374 2423 licet
387 2361 531 2425 nolimus.
573 2358 629 2441 si,
650 2363 723 2426 bene
739 2363 878 2443 dispofito

86 2442 879 2606 ζὲἷιίοέζά,ηέῗῐῖἓξιῖοιὲῗεῖἒωὶιὲξῗὲἓῖἒἭ

91 2610 121 2671 in
135 2630 166 2673 te
180 2614 267 2674 nulla
282 2607 325 2672 est
339 2606 483 2674 Libertas.
503 2609 563 2674 Sed
583 2610 615 2671 in
635 2613 811 2675 amoliendis
829 2626 878 2672 aut

92 2692 214 2758 vitandis
243 2691 334 2756 cassiis
355 2695 501 2771 externis,
528 2712 595 2772 quae
627 2697 711 2755 nobis
739 2694 878 2759 dolorem

93 2790 214 2853 creant3
242 2788 293 2839 aut
319 2775 351 2838 in
366 2776 399 2838 iis
416 2776 534 2854 corpori
549 2772 650 2837 nostro
665 2776 877 2858 admovendis,

90 2853 115 2916 sr
129 2855 264 2923 dolorem
279 2859 369 2921 illum
383 2857 482 2936 postea
496 2859 581 2921 nobis
589 2856 806 2942 sulmodium,
827 2877 878 2926 attt

87 2940 209 3003 bonum
220 2941 317 3021 majus
333 2940 563 3004 conciliaturum
567 2938 752 3024 judicemus,
775 2942 879 3009 Liber·

83 3034 148 3087 tate
164 3024 207 3089 uti
220 3022 384 3106 pollumus.
422 3021 486 3089 Hic
502 3022 736 3106 observandum,
765 3029 801 3091 ad
812 3046 878 3169 ivo-

825 3126 877 3189 up·
