1928 3518
115 112 150 187 8·
202 110 785 203 Parammon—aaaron:

132 224 234 273 entem
241 209 372 273 nostram
382 208 519 287 judicant
528 207 700 272 immediate
709 227 784 281 cum
790 209 893 274 eoeffe'
904 235 910 247 ⁸

91 292 285 370 conjunctam
301 313 310 369 3
333 294 372 354 ita
387 305 421 353 ut
434 290 497 367 ejus
513 290 702 355 substantiam
716 292 900 356 immediate

90 389 208 452 cernat,
223 374 294 435 ciam
302 375 412 452 aliquid
421 376 530 452 cernit,
539 387 684 453 quatenus
692 373 751 437 Dei
760 374 891 438 substan·

89 459 128 518 tia
136 459 266 517 continet
274 459 313 517 rei
322 461 664 535 quamcontemplamur
673 457 888 536 Archetypum.

89 537 174 600 Cum
189 541 271 601 enim
283 538 367 601 Deus
375 542 480 602 omnia
495 543 612 619 crearit,
630 541 659 603 δι
674 543 777 602 omnia
791 560 857 618 quae
873 541 907 601 ai.

89 623 175 685 nobis
191 623 312 705 intelligi
324 620 459 701 poliunt,
474 642 570 684 creare
578 638 683 702 queat3
703 627 889 685 ineorerum

59 722 61 727 ⁴
89 707 233 767 omnium
249 706 435 783 proprietates
451 708 641 767 continentur
655 727 664 783 3
692 724 772 784 quas·
786 703 888 766 Menti

71 784 195 863 {nostra
211 787 268 865 ipse
283 789 405 870 ingerit,
427 802 514 866 prout
529 786 545 848 a
558 790 643 850 rebus
659 789 716 851 illis
734 789 890 849 cerebrum

90 867 225 934 nostrum
239 871 382 949 afficitur,
402 883 453 932 aut
468 890 516 933 eas
531 868 624 932 Mens
640 869 737 932 nostra
751 884 890 932 contem·

89 952 161 1030 plari
177 952 280 1029 cupit.v

135 1052 146 1093 r
155 1052 182 1115 3.
199 1032 249 1098 Ut
259 1036 703 1114 rerumomniumpropri'etates
711 1037 802 1097 reales
813 1031 887 1096 Deo

87 1115 429 1180 iness'everiffimumest:
451 1114 551 1197 itaqni
560 1119 623 1181 fieri
634 1113 737 1196 poffit,
752 1129 786 1178 ut
800 1136 888 1179 mens

91 1196 190 1262 nostra
213 1214 312 1261 cernat
328 1198 581 1279 imperfectiones,
597 1199 647 1262 seu
664 1196 794 1261 defeeirus
809 1218 890 1262 crea-

89 1292 225 1344 curarum
233 1284 263 1344 in
271 1280 358 1358 Deo,
380 1282 593 1357 noncapimus.
627 1278 765 1358 Exempli
780 1281 886 1359 causi,

79 1361 219 1426 ‘soliditas
238 1363 361 1442 quidem
382 1360 521 1440 perfectio
540 1361 601 1439 est,
623 1381 715 1441 quam
736 1361 755 1422 fi
779 1365 889 1425 creavit

61 1446 64 1451 ’
90 1441 176 1507 Deus
190 1490 200 1523 ,
232 1460 265 1507 ut
279 1442 348 1507 fane
363 1445 493 1522 creavit,
520 1444 595 1507 intra
615 1444 643 1506 se
660 1443 886 1524 compleciitur,

90 1528 150 1589 hoc
157 1527 215 1606 est,
229 1530 293 1591 vim
308 1527 542 1590 coemendarum
556 1529 708 1608 partium,
729 1530 768 1590 ita
782 1540 816 1589 ut
830 1529 888 1590 im-

90 1614 215 1689 pellenti
224 1610 352 1674 ·relitlant
364 1630 375 1685 ;
386 1610 442 1672 ‘sed
460 1608 591 1672 solidum
606 1623 685 1672 certa
700 1610 794 1690 figura
809 1609 889 1671 limi·

91 1705 213 1770 tatum,
242 1706 292 1754 aut
308 1691 403 1769 potitis
423 1692 559 1753 limitatio
579 1691 662 1769 ipsa,
689 1691 740 1753 seu
754 1689 887 1754 deFeclus

90 1774 212 1851 maioris
227 1773 422 1850 extenlionis,
445 1770 485 1832 est
499 1771 683 1849 imperfectio
697 1818 705 1849 ,
729 1793 795 1852 quoe
810 1792 889 1853 quo·

90 1855 187 1918 modo
211 1857 241 1916 in
263 1853 335 1916 Deo
358 1866 492 1914 cernatur
512 1872 605 1914 nemo
628 1855 729 1931 capiat.
773 1853 887 1935 Neque

90 1937 193 2000 dixeris
209 1938 240 2000 in
251 1935 322 2000 Deo
336 1933 392 1996 effe
406 1933 538 1998 solidum
551 1935 705 1999 infinitum
720 1937 818 2000 νοητὴ,
834 1958 889 2001 cu·

87 2019 138 2101 jus
153 2033 267 2101 partem
289 2015 406 2083 tantum
428 2017 589 2096 videmus,
618 2036 683 2081 non
700 2017 888 2083 consideratis

91 2106 233 2185 reliquis,
255 2121 327 2166 nam
342 2103 405 2181 capi
419 2102 536 2181 nequit,
550 2098 616 2180 qul
633 2102 764 2180 ratione,
785 2100 895 2166 Menti»

91 2185 394 2249 obversantemfinito
408 2184 505 2247 solido
521 2179 612 2256 vead,
626 2185 658 2247 in
667 2204 706 2247 eo
713 2184 810 2249 videat
824 2198 890 2248 tan·

91 2267 159 2330 nim
165 2267 343 2347 quadratum
355 2266 477 2345 pedale,
493 2262 699 2346 antejusmodi
714 2269 803 2329 aliam
812 2268 890 2351 figu-

92 2369 166 2413 ram.
502 2375 505 2381 ⁴
595 2368 598 2373 ’

136 2451 184 2513 14.
205 2428 288 2492 Hinc
302 2429 356 2492 viri
371 2427 542 2505 acutissimi,
556 2429 607 2509 qui
622 2426 891 2495 haedereGallice

91 2533 186 2594 nuper
195 2525 357 2592 certarunt,
373 2510 481 2594 magni
497 2515 670 2577 animorum
677 2513 888 2596 contentione,

92 2593 506 2676 Franciscusliialebranchius
522 2593 595 2655 &A
642 2595 673 2655 ni
693 2592 750 2653 sA
785 2593 817 2655 al
876 2643 887 2677 ,

90 2699 226 2761 quorum
240 2681 290 2742 ille
305 2681 445 2743 ultimam
457 2689 574 2754 tuetur,
593 2678 622 2739 hi
648 2688 764 2738 tertiam
785 2692 890 2742 enren.

93 2765 190 2842 tiam,
211 2763 261 2826 libi
275 2764 405 2827 invicem
420 2757 554 2822 multum
567 2759 678 2842 negotii
695 2758 887 2844 lacellerunt,

83 2832 251 2915 &mutuis
266 2849 330 2910 telis
344 2846 383 2909 ita
392 2840 524 2906 cont'offi
535 2832 575 2902 'ex
590 2859 629 2904 eo
639 2844 800 2908 certamine
813 2847 890 2908 abie-

92 2941 180 3011 tunt,
200 2940 234 2993 ut
249 2942 312 2996 uter
327 2927 428 2997 vicerit
442 2924 522 2995 haud
537 2922 624 2997 facite
639 2925 769 2999 constet..
797 2922 886 3078 fiii
