1928 3518
236 106 312 182 Lib.
336 114 407 183 III.
433 109 504 182 Du
534 111 728 187 Snulnrr.
800 135 865 213 311

68 213 125 279 ,fed
141 212 177 275 ab
190 209 255 273 aliis
269 208 387 292 genito,
415 208 467 288 qui
487 208 575 271 buerit
596 206 741 290 Propheta
754 204 870 291 Lunae,

75 297 107 360 ἃ
121 292 264 356 ,homines
284 289 322 353 ad
342 310 411 353 cam
432 291 592 354 colendam
613 292 786 374 impulerit,
818 295 872 358 de·

76 397 137 459 quc
151 374 343 461 Agricultura
365 371 506 452 scripserit
522 392 532 449 ;
561 374 598 436 de
618 372 752 438 Noacho
767 374 870 442 itidem

75 462 206 547 agricola
224 504 234 538 ,
261 455 312 519 sed
324 455 417 518 Idolis
432 472 497 519 non
514 455 667 537 credente,
688 475 871 537 acpropter·

77 563 113 607 ea
125 544 162 607 ab
182 542 216 606 iis
235 539 406 618 infamato,
435 539 470 600 in
492 539 632 601 omnibus
652 540 709 601 suis
731 539 869 618 Scriptis3

68 627 114 691 <de
128 625 223 691 Setho
238 625 329 687 etiarn
348 622 385 684 ab
405 617 555 698 Adamo,
574 622 652 685 circa
672 624 790 685 cultum
804 620 871 686 Lu·

76 703 485 869 ntlffampah
500 703 872 869 lllluillilpll

96 896 114 939 ι.

65 895 94 962 'g
118 954 243 1035 Duplici
256 956 314 1017 ritu
326 949 412 1016 Deos
429 951 593 1030 colebant,
621 953 819 1034 quotidiano,
840 957 871 1021 ἀ

77 1038 242 1105 menstruo
284 1035 506 1116 Quotidianum
520 1036 560 1096 ita
572 1033 704 1097 describit
717 1038 768 1100 Ali
781 1039 873 1101 Sahid

79 1119 195 1190 Vaheb:
216 1116 468 1198 „Primumdiem
476 1114 650 1177 consecrant
664 1116 745 1199 Soli,
765 1119 870 1184 secun-

72 1197 305 1287 .„dumLunae,
324 1201 445 1263 tertium
460 1196 573 1276 Marti,
592 1213 732 1277 quartum
745 1200 871 1266 Mercu·

77 1288 155 1368 „rio
169 1332 178 1365 ,
206 1286 348 1365 quintum
367 1282 436 1360 Jovi
452 1328 462 1362 ,
488 1280 605 1343 sextum
618 1279 727 1344 Beltbae
741 1283 868 1367 Veneri,

78 1368 269 1449 „septimum
287 1364 426 1429 Saturno.
467 1361 708 1442 Descriptionem
730 1367 869 1431 menstrui

80 1446 179 1513 cultus
194 1449 335 1512 habemus
349 1451 387 1511 ab
401 1443 678 1527 Muhammedefilio
692 1446 781 1525 isaaci
796 1446 868 1514 M&

80 1528 869 1677 n

76 1632 153 1678 men
235 1635 245 1676 ι
384 1631 404 1672 u
719 1632 749 1676 es
776 1635 869 1679 rnnoe
959 1638 962 1643 ·

49 1760 54 1767 ,
77 1697 161 1776 dies,
198 1632 386 1761 consegratojs
407 1695 501 1756 cultui
521 1689 609 1757 Divoe
627 1693 739 1759 Belthae
751 1632 775 1777 ,p
783 1698 869 1781 cujus

80 1777 215 1858 Templa
237 1778 445 1853 celebrabant,
477 1773 669 1858 vibimtsque
695 1782 725 1843 in
753 1783 786 1845 iis
813 1785 871 1846 im·

81 1864 245 1931 molebant.
289 1859 380 1925 Sexto
406 1859 454 1923 dic
481 1857 614 1938 ejusdem
634 1863 766 1943 menfis,
806 1879 871 1929 tau-

81 1964 151 2009 rum
171 1943 246 2010 Deae
264 1944 324 2007 suae
343 1941 441 2005 Luna
459 1939 650 2021 manabant,
679 1963 715 2006 ac
733 1945 788 2009 sub
806 1948 872 2011 ves-

80 2046 184 2109 peram
220 2046 259 2089 eo
296 2029 497 2104 epulabantur.
560 2021 696 2088 octavus
724 2027 784 2089 dies
810 2043 872 2093 erat

81 2111 173 2174 etiam
193 2107 305 2187 festus,
330 2107 361 2170 ἀ
381 2105 505 2171 ηοᾶεῐη
519 2105 583 2187 qus
596 2106 652 2169 diei
668 2110 866 2191 celebrabant,

82 2194 115 2255 in
142 2193 291 2254 honorem
319 2188 431 2269 septem
457 2187 623 2270 Deorum,
648 2189 873 2276 offerebintque

81 2293 197 2358 agnum
217 2273 280 2336 Deo
299 2270 396 2349 Caco,
417 2270 542 2352 bocest,
560 2269 665 2334 Marti.
707 2272 872 2356 Quindeci-

81 2376 151 2422 mus
172 2357 234 2420 dies
262 2355 343 2418 sacer
375 2368 436 2418 erat
463 2353 618 2416 Sammaeli
640 2356 725 2437 (quo
746 2363 872 2424 nominc

80 2437 276 2504 Thalmudici
298 2435 349 2502 An
370 2440 455 2500 elum
473 2434 585 2501 Mortis
606 2443 773 2520 appellant)
795 2445 873 2504 cele-

81 2525 275 2603 brabarurque
308 2456 436 2584 virginiis
477 2518 509 2583 u
541 2522 740 2585 oblationibus
776 2525 870 2587 variis.

82 2604 260 2687 Vigefimo,
299 2601 516 2666 conveniebant
535 2604 567 2666 in
586 2601 773 2668 Canobiunr
791 2604 872 2668 Cba·

83 2702 267 2766 ranaeorum,
284 2685 400 2751 dicium
415 2682 510 2762 Gadi,
538 2687 588 2748 ubi
616 2699 673 2747 tres
693 2700 793 2750 tauros
813 2688 872 2751 inr-

82 2769 254 2848 molabant,
274 2788 373 2832 unum
390 2767 537 2847 Saturno,
558 2769 685 2830 alterum
705 2764 801 2832 Mani
815 2788 872 2834 cae·

83 2870 123 2917 co
147 2847 242 2929 Deo,
262 2855 383 2914 tertium
403 2847 511 2914 Luna.
549 2846 724 2914 Mailabant
737 2865 872 2932 praterea

82 2952 197 3003 novem
213 2950 325 3018 agnos,
346 2933 480 3015 septenos
491 2930 608 3012 'septun
621 2928 689 2999 Diis
702 2933 755 3000 seu
767 2934 873 3031 Plane·
913 2962 917 2979 ·

803 3031 874 3100 trs,
