1936 3526
129 206 175 295 28
220 188 543 292 Pnuun'nron.
564 203 827 281 aaaron&
863 268 866 279 .

128 301 921 469 aa·irs}orni}Trntttstsnrritisr

127 465 222 546 prime
236 465 389 529 satisfaciat
404 484 497 527 nemo
512 465 666 529 inficietur.
708 465 768 531 Sed
785 469 852 532 duae
866 490 921 550 po-

126 546 271 612 riffimrim
299 548 483 611 difficultates
509 548 583 626 vix,
620 548 682 629 ejus
712 549 920 630 Hypotheseot

127 649 204 712 ope,
223 631 299 694 solvi
315 643 433 711 queant.
472 627 572 692 Prima
586 629 626 693 est
642 649 707 692 non
722 634 785 710 capi
799 633 858 714 qui
873 655 920 699 ra·

117 715 210 792 ⁸tione
218 714 367 777 omniurn
377 730 490 774 eorum
504 731 570 791 quae
591 715 744 777 memoriae
764 716 920 780 mandavi-

125 816 215 875 mus,
236 816 301 877 quo
321 794 433 858 infinita
448 790 536 872 paene
556 793 649 873 sunt,
676 794 853 877 &quotidie
866 817 919 863 au-

123 896 233 962 gentur
244 925 257 958 y,
272 874 383 957 poffint
399 874 518 937 certa&
531 874 711 941 distinciain
727 881 846 943 cerebro
860 880 919 944 ser·

124 964 186 1024 vari
201 959 325 1043 vestigia
366 956 526 1020 Innumero
540 957 609 1021 sunt
622 962 769 1024 vocabula
786 961 815 1024 &
831 964 914 1043 phra-

123 1042 185 1122 ses,
206 1042 336 1122 ideaeque
351 1036 494 1103 aroana
509 1038 538 1101 ἃ
555 1054 699 1104 concreta
713 1045 857 1108 omnium
867 1065 918 1130 ge·

125 1143 251 1205 nerum,
271 1142 403 1204 quorum
417 1119 548 1185 districte
564 1124 776 1202 recordamur
798 1125 918 1210 &quo-

125 1228 196 1275 rum
211 1207 353 1272 omniurn
368 1252 378 1284 ,
401 1203 426 1266 =fi
441 1203 496 1266 sint
507 1203 638 1268 distincia
653 1207 685 1269 in
699 1210 819 1271 cerebro
834 1211 918 1275 vesti-

147 1294 193 1371 'a,
222 1291 376 1353 cerebrum
391 1285 526 1350 nostrum
542 1289 676 1366 capacius
689 1287 746 1352 effe
760 1289 915 1357 vastiffrna

123 1311 306 1439 gibliotheci
327 1367 482 1432 fatendum
496 1365 544 1428 est.
586 1366 664 1449 Quae
682 1372 764 1434 enirn
784 1377 917 1440 volumi·

125 1477 165 1525 na
178 1474 243 1519 non
255 1452 445 1531 scriberentur
459 1448 476 1512 a
490 1448 708 1515 viromemona
716 1452 914 1538 praestantafi

124 1530 231 1605 omnia
244 1555 376 1620 quorum
390 1529 582 1611 meminiffet,
604 1552 708 1615 parva,
728 1555 762 1598 m
844 1542 916 1619 ,lit-

123 1613 672 1781 oegsffinsfigwewmfflm
680 1615 768 1696 coare
791 1618 914 1703 .Lib.X‚

121 1726 149 1769 c.
180 1750 187 1764 .
267 1727 282 1762 C
314 1749 326 1762 .

166 1798 214 1862 14.
234 1724 338 1847 Altqeqra
354 1780 513 1844 difficultas
533 1778 589 1859 est,
610 1799 646 1843 ex
665 1780 828 1862 Hypothesi
842 1804 913 1850 me·

120 1864 239 1934 morati
252 1913 265 1946 ,‚
293 1866 332 1928 ita
353 1861 529 1925 recordandi
556 1861 728 1927 facultatem
750 1865 766 1928 a
791 1869 916 1931 cerebro

120 1948 268 2031 pendere,
288 1944 428 2011 utMenti
442 1943 502 2007 fine
518 1962 556 2005 eo
564 1946 811 2026 nullatribuatur3
830 1949 915 2033 quod

123 2030 196 2098 sane
212 2049 406 2095 cum-eorum
419 2027 575 2107 sententia,
595 2029 647 2109 qui
654 2026 756 2109 Menti
770 2031 825 2095 soli
833 2034 914 2116 cogi·

124 2114 207 2180 tandi
223 2115 398 2195 'faculraem
416 2107 503 2175 inesse
527 2110 636 2193 aiunt,
671 2131 738 2177 non
760 2113 912 2178 consentit

120 2196 186 2265 ¹Cui
207 2199 289 2259 enim
309 2197 374 2261 usui
401 2196 452 2257 ilio
472 2194 619 2277 cogitandi
639 2195 763 2260 facultas
782 2197 914 2277 separata

118 2276 192 2342 esset
208 2274 329 2356 Menti,
353 2295 419 2357 quae
432 2276 577 2355 praeteritae
598 2280 782 2360 cogitationis
803 2281 914 2356 nullius

121 2359 328 2425 recordaretur
335 2357 354 2418 ·?
377 2355 540 2436 Oporteret
554 2355 677 2422 Mentes
692 2378 816 2438 corpore
829 2359 914 2424 desii-

125 2456 201 2507 tutas
223 2443 255 2504 in
275 2453 419 2523 perpetua¹
437 2440 580 2502 omnium
605 2459 706 2504 rerum
724 2441 914 2524 ignorantia,

120 2522 197 2599 ,licet
208 2543 262 2607 per
275 2523 574 2587 totam-eternitatem
584 2526 750 2607 cogitarent
763 2568 773 2601 ,
796 2522 913 2588 versari.

120 2603 470 2691 ,Cum-enimpraesentia
489 2600 607 2666 tantum
628 2605 788 2688 cognitura
804 2602 915 2689 essent,

125 2693 338 2776 praeteritorum
352 2686 493 2752 omnium
512 2686 635 2766 oblitae,
664 2704 730 2767 quae
751 2691 915 2768 comparari

122 2773 220 2855 poffet
233 2769 378 2840 eruditio?
394 2764 450 2835 Ne
462 2767 682 2851 longiusculam
689 2768 813 2849 quidem
819 2772 916 2836 ullam
931 2798 942 2829 r

125 2858 383 2922 ratiocinationem
409 2845 639 2932 intepescat,
673 2853 823 2933 quoniam
844 2853 916 2918 crim

124 2937 166 3004 ad
185 2949 348 3002 extremam
366 2931 597 3018 propositionem
624 2932 830 3018 devenissent,
857 2937 915 3014 pri-

127 3038 248 3091 marum
274 3020 370 3091 deleo
393 3014 462 3087 esset
481 3016 636 3088 memoria·
677 3014 818 3104 Denique
836 3036 916 3080 uno·
965 3064 967 3073 .

792 3118 916 3185 quoque
