1936 3526
84 208 129 265 ro
179 182 499 261 Pununaron.
528 176 652 257 rcus.
679 140 781 261 on]

81 277 301 364 cupatameffe,
321 279 371 345 sed
378 281 753 362 earumnutlamsuperetst
760 302 879 351 memo2

82 364 334 444 riamreponebat.
374 360 457 442 Saepe
465 365 555 426 etiarn
565 366 751 448 vigilantibus
760 370 878 432 evenire

84 449 322 531 cogitationum,
342 463 471 526 quarum
479 448 527 509 alii
557 449 880 534 uibuseassigniticavi

81 548 152 594 mus
168 528 384 609 recordantur,
403 547 441 591 ne
464 466 640 595 levitdmam
656 534 780 613 quidem
793 534 892 597 nobis·

80 614 266 677 memoriam
273 608 423 690 superesse.

128 710 159 779 4.
180 693 244 775 Qui
260 713 325 757 non
339 707 442 773 putant
450 693 594 759 Mentem
600 696 744 776 perpetuo
753 699 892 780 cogitare

55 840 59 845 .
84 777 187 861 primi)
196 777 440 858 consequentiam
454 780 636 861 quamdueit
646 776 792 843 Cartesrus
808 780 825 842 i
839 783 883 844 vi-

85 864 157 959 gilia
169 861 208 925 ad
222 861 384 939 somnum,
404 863 441 924 ab
455 876 537 927 aetate
554 864 674 925 rationis
681 878 824 944 compote
844 864 881 927 ad

84 944 397 1024 mfantiatnprimam‚
418 959 469 1008 aut
476 946 566 1008 etiam
573 959 694 1023 tempus.
706 966 769 1026 quo
778 949 809 1010 in
816 959 882 1009 ute-

83 1046 123 1095 to
138 1040 272 1091 matrum
286 1026 399 1089 fuimus
414 1074 424 1105 ,
445 1029 560 1091 admitti
576 1026 655 1108 quas
672 1042 785 1093 certam
800 1027 882 1107 posse

84 1129 126 1175 ne
147 1123 196 1174 ant
212 1130 222 1186 ;
243 1128 301 1171 nec
315 1109 395 1172 aliud
415 1111 483 1175 inde
498 1130 570 1173 eum
584 1107 707 1190 potuisse
723 1113 894 1195 colligere,¹

45 1260 49 1266 ,
84 1129 232 1341 niddtorte
246 1189 327 1272 posse
334 1189 478 1257 Mentem
490 1191 634 1273 perpetui>
642 1194 787 1276 cogitare,
808 1213 883 1259 con·

84 1290 138 1343 ten
160 1288 224 1339 unt.

92 1418 96 1425 .
131 1375 160 1435 5.
182 1356 349 1436 secundo,
370 1358 508 1437 quamvis
531 1357 641 1439 aliquid
658 1355 757 1421 reveri
774 1360 884 1444 cogita·

84 1442 237 1520 verimus,
259 1438 345 1520 cujus
359 1452 462 1503 tamen
476 1442 560 1503 obiiti
567 1440 688 1519 sumus,
710 1460 775 1504 non
789 1441 893 1523 sequi·

89 1539 165 1606 tur,
186 1523 246 1587 hoc
268 1521 411 1603 perpetuo
432 1524 580 1601 evenire3
608 1525 648 1585 ita
661 1538 695 1587 ut
708 1543 886 1606 unaquaque

87 1609 139 1675 die
160 1626 211 1690 per
240 1607 354 1688 aliquot
384 1606 470 1669 horas
498 1606 679 1671 dormientes
701 1609 884 1689 cogitemus,

86 1711 149 1757 nec
171 1687 361 1832 experssecfadti
383 1690 529 1751 ullatenus
552 1689 769 1771 cogitationum
788 1709 896 1753 recor··

87 1775 208 1839 demur.
300 1770 369 1831 inde
399 1787 435 1831 ex
456 1772 608 1833 oblivione
629 1770 718 1834 dueta
737 1771 887 1852 responsio

88 1851 223 1921 Cattesiii
236 1850 361 1915 ostendit
376 1849 494 1913 tantum
516 1849 718 1932 objectionem
737 1852 799 1932 ejus
821 1854 888 1919 Ad·

89 1935 291 2003 versariorum
303 1932 437 1998 indidem
442 1935 565 2015 petitam
578 1981 589 2013 ,
608 1952 673 1997 non
680 1935 803 2015 probare
819 1939 887 2000 nul-

88 2023 159 2089 lam
171 2013 256 2083 suiffe
270 2017 504 2103 cogitationem,
525 2037 563 2080 eo
579 2015 664 2098 quod
676 2018 806 2083 nullast
822 2018 903 2101 ejue:

90 2097 889 2202 memoriajnonprobatreverdfuiffecogitationem,

92 2185 413 2349 wdus'sdddttddffddm
426 2265 552 2330 rationes
568 2263 689 2333 Cartcsri
702 2269 775 2333 nihil
788 2283 889 2349 preter

92 2363 241 2435 perpetue
277 2347 463 2434 cogitationis
497 2346 714 2428 possibilitatem
747 2353 897 2431 probent,

92 2433 234 2518 quamvis
249 2430 483 2495 concederemus
498 2449 562 2494 non
571 2426 628 2492 effe
642 2449 710 2494 earn
722 2429 890 2515 poffibilem

91 2514 196 2587 modo
211 2562 221 2596 ,
239 2512 290 2578 sed
305 2511 374 2579 adu
386 2508 510 2576 Mentes
525 2512 640 2591 semper
711 2513 781 2577 itare
796 2560 806 2593 ,
826 2515 890 2578 haec

92 2601 166 2671 esset
180 2598 338 2666 difficultas
346 2595 449 2661 solutu
462 2595 541 2660 haud
548 2595 651 2659 facilis.
715 2596 822 2680 ingulae
837 2615 895 2662 co-

94 2687 269 2773 gitationes,
289 2682 396 2764 quibus
410 2675 504 2742 Mens
526 2678 675 2743 distinetur
701 2726 711 2759 ,
751 2678 821 2743 sunt
840 2700 891 2745 ac·

91 2770 246 2846 cidentia,
273 2766 380 2849 quibus
403 2781 500 2826 cerere
521 2759 636 2841 posset,
658 2760 688 2825 ἀ
707 2780 774 2842 quae
793 2761 891 2847 subje-

94 2851 148 2921 &o
164 2849 293 2927 cuipiam
313 2849 461 2915 inherent
505 2844 673 2928 Quodnam
687 2858 789 2909 autem
804 2847 844 2912 eii
859 2848 891 2913 id

93 2930 263 3014 subjeetum
282 2932 295 2996 i
335 2928 521 3011 Substantia,
541 2928 686 2993 nimirum
700 2975 710 3007 ‚
723 2932 888 3011 quaepiam,

95 3039 182 3108 cujus
195 3027 300 3085 nauta
314 3013 355 3084 est
369 3017 479 3103 ignota.
521 3009 554 3082 Si
568 3029 677 3096 corpus
690 3011 805 3098 semper
818 3030 891 3078 mo-

832 3112 887 3161 VC·
