1936 3526
95 217 144 300 56
169 202 488 282 Purnunron.
514 211 635 281 ΜΗ.
659 206 814 284 elul.

137 323 165 367 r.
187 303 215 366 Ι..
231 303 293 384 Qui
313 300 435 366 Mentes
465 321 620 382 corporeas
630 352 645 383 ⁴,
673 305 779 385 ellipue
799 305 885 370 instar

93 383 237 464 Corporis
256 403 292 446 ex
311 385 432 450 traduce
451 387 603 468 propagari
624 389 836 468 contendunt,
866 389 886 452 ii

91 465 207 547 primo,
226 467 310 548 quod
326 466 375 530 fibi
391 487 455 530 non
471 467 583 531 constat
597 468 716 550 dicunt,
736 470 885 534 cumcon-

88 566 214 631 poream
235 547 425 619 substantiam
446 548 548 612 Menti
570 551 726 628 tribuunt;
762 555 884 620 nullum

83 632 175 694 enim
189 631 382 695 neceffarium
396 651 568 698 connexum
582 635 656 696 inter
673 635 883 717 cogitationes,

88 711 121 779 ἂ
136 733 266 796 corpus,
294 719 411 781 nullam
426 715 608 778 adfinitatem
621 717 882 796 deprehendimus,

89 797 175 878 quod
189 797 274 878 supri
284 817 350 876 jam
364 798 561 862 observatum.
604 796 745 861 Secundo
761 844 770 877 ,
799 804 882 863 nulla
916 879 919 884 ι

88 878 131 945 est
147 882 221 943 ratio
236 879 434 958 plaufibilim,
463 878 521 960 qui
537 880 622 943 suam
644 881 682 942 de
697 885 881 966 propagatio·

86 980 129 1025 ne
135 959 250 1024 Mentis
264 961 439 1025 sententiam
452 963 656 1039 fulcienthac3
677 963 802 1044 scilieet,
813 982 881 1043 pro·

84 1045 186 1128 pagati
199 1045 303 1110 omnia
316 1063 423 1126 genera
441 1044 631 1108 Animalium
646 1044 676 1109 ἃ
691 1043 879 1124 Plantanun,

86 1126 334 1208 proprietatesque
353 1124 430 1190 adeo
452 1146 559 1195 omnes
581 1129 694 1208 generis
714 1126 881 1212 iprogeni:

85 1211 216 1291 toribus,
238 1224 288 1274 aut
302 1210 479 1290 femiuibus,
500 1210 537 1272 ad
552 1228 663 1288 eaquae
679 1210 899 1294 indenal'cun2

86 1306 136 1356 tur
150 1291 284 1370 transtre3
305 1292 385 1354 unde
400 1295 539 1375 colligere
553 1304 687 1370 oporteat
703 1338 713 1370 ,
733 1293 805 1372 quid
828 1296 878 1357 uid

85 1377 208 1455 pertinet
223 1373 261 1437 ad
275 1376 440 1436 humanam
454 1375 606 1452 speciem,
634 1373 770 1454 adeoque
828 1396 880 1439 en-

85 1471 173 1538 tem,
200 1457 231 1521 id
248 1454 345 1519 ¹etiarn
359 1456 375 1519 r
388 1457 552 1536 parentibus
568 1455 605 1520 ad
622 1456 728 1519 liberos
742 1456 878 1522 defluere.

85 1539 131 1605 At
158 1540 221 1603 haec
247 1539 430 1603 ratiocinatio
458 1543 534 1602 ultra
569 1536 878 1619 verifimilitudinem,

85 1628 213 1704 equue
224 1625 339 1707 levem,
358 1642 423 1686 non
436 1621 627 1706 progreditur.
669 1618 791 1685 Etenim
799 1623 878 1688 unde

85 1706 145 1771 illis
159 1704 272 1769 constat
285 1707 465 1768 inhumano
479 1722 584 1788 genere
600 1704 659 1766 hoc
672 1722 737 1766 non
752 1703 807 1774 effi:
822 1704 878 1768 fin-

84 1789 211 1873 gulare,
230 1784 314 1865 quod
327 1799 409 1848 totus
425 1789 520 1849 homo
535 1803 575 1846 ex
590 1785 710 1848 traduce
725 1806 789 1849 non
801 1788 879 1852 deri·

83 1881 170 1933 uetur
183 1915 193 1947 ,
221 1867 294 1929 etim
305 1867 360 1930 slnt
381 1868 413 1928 in
427 1868 550 1929 homine
565 1878 611 1928 tot
625 1868 681 1929 alia
695 1866 850 1952 fingularia
864 1869 878 1932 i

83 1950 188 2033 Quare
209 1946 322 2048 necesse
343 1947 383 2012 est
406 1949 510 2013 omnia
522 1959 630 2031 genera
649 1948 759 2013 eodem
779 1951 877 2016 modo

36 2080 40 2089 ·
81 2030 255 2118 emtum?
322 2116 330 2133 ,
725 2118 732 2132 ,

128 2135 157 2201 3.
194 2114 239 2178 ΙΙ.
267 2114 331 2198 Qui
356 2113 480 2180 Mentes
506 2131 591 2180 mmo
625 2117 744 2181 mundi?
768 2128 877 2178 creatas

83 2201 184 2278 aiunt,
204 2199 285 2263 unde
299 2201 358 2261 hoc
373 2196 569 2278 aeceperunt?
589 2196 702 2280 Neque
716 2199 798 2262 enim
813 2198 876 2278 ejus

84 2284 126 2346 rei
152 2280 367 2357 recordamur,
396 2300 495 2360 neque
521 2279 632 2359 Plato,
659 2296 711 2344 aut
731 2281 877 2376 Pythago

82 2381 146 2442 ms,
167 2373 217 2423 aut
229 2358 383 2440 Chaldaei,
411 2380 545 2441 quorum
559 2363 622 2424 haee
639 2361 696 2424 fuit
710 2362 850 2424 sentenna
865 2409 875 2441 ‚

81 2462 121 2508 ex
139 2441 316 2506 revelatione
345 2441 443 2505 divini
472 2462 539 2506 eam
560 2443 731 2506 habuerunt.
769 2441 876 2506 Solent

82 2526 207 2610 quidem
221 2524 317 2587 dicere
330 2522 359 2586 se
375 2524 434 2587 hoc
448 2543 571 2605 quoque
579 2525 802 2587 ratiocinatione
811 2527 876 2586 col-

83 2606 205 2695 legiffe‚
231 2625 295 2670 non
317 2625 352 2669 ex
369 2604 599 2671 Antecellorum
621 2605 717 2669 modi)
739 2601 875 2672 dorlrina

83 2688 233 2773 accepisse.
254 2686 372 2754 Vertim
386 2690 445 2752 hoc
460 2687 500 2751 est
515 2706 622 2751 eorum
637 2689 818 2767 praecipuum
830 2709 876 2753 ar-

82 2789 288 2856 gumentum,
307 2772 448 2852 idemque
463 2767 695 2833 infirmissimum
711 2791 721 2847 ;
750 2789 874 2852 nempe,

82 2852 137 2936 qui
144 2852 230 2918 Deus
244 2858 387 2919 innocuas
402 2851 524 2917 Mentes
541 2850 716 2931 inCorpora
730 2856 873 2934 mitteret,

74 2938 134 3001 ‘ubi
148 2949 194 3001 tot
207 2939 294 3000 malis
309 2937 376 3002 sunt
390 2937 548 3012 obnoxlae,
569 2933 656 2996 illaesi
668 2933 775 3014 juilleii
799 2936 873 3014 sul,

82 3019 203 3108 intelligi
224 3036 288 3085 non
309 3018 398 3103 polle.
437 3017 496 3085 Sed
516 3015 588 3100 quid
610 3030 714 3082 contre
731 3017 873 3162 justigliam

84 3126 96 3145 '·
221 3126 224 3133 ·
828 3117 870 3163 l'l-
