1928 3518
108 196 189 277 144
220 166 535 253 P-‘nruuraron
554 170 874 253 reurrrovnl.

104 276 169 354 iffi„
190 276 311 353 'semper
330 272 380 336 fibi
404 271 525 335 constat.
569 272 709 353 *Ideoque
738 276 909 353 quodcum-

104 376 170 438 'que
183 359 365 419 miraculum
380 353 417 416 eo
430 357 574 434 pertinere
589 357 753 435 videretur,
775 371 808 418 nt
825 359 909 437 quid*-

110 441 191 516 piam
205 438 313 500 falsum
334 439 419 500 nobis
442 438 625 517 persuaderet
636 478 648 517 1,
676 438 705 499 id
726 438 742 498 a
765 442 910 503 mendace

109 520 246 599 adeoque
261 525 345 583 malo
362 521 484 603 Angclo
499 521 667 600 profedlunr
683 534 841 598 oporteret.
877 521 908 585 Si

109 620 181 686 ergo
203 606 386 667 miraculum
406 604 443 666 ad
463 603 704 666 confirmandam
720 602 907 684 dotirinatn,

110 703 205 764 quam
234 686 340 749 falsam
367 685 423 749 elle
448 698 486 748 cx
510 686 674 747 indubitata
694 682 907 764 Revelatione,

109 781 162 828 aut
182 765 312 831 Ratione
332 769 465 848 scimus,
492 767 597 843 fieret3
624 769 653 830 id
673 766 767 827 fallaci
789 766 906 829 auclori

109 850 192 912 illico
213 851 431 929 tribueremus,
453 849 490 911 ἃ
510 849 624 911 infidias
644 848 661 910 i
683 845 906 911 Cacodaemonc

108 928 332 1009 fimpliciorib'us
348 930 638 1010 ssmiiudicaremur.
680 926 907 994 Contrtfimi—

108 1015 208 1074 racula
228 1008 266 1074 eo
289 1009 415 1092 spetiare
441 1011 620 1090 videamur,
649 1024 683 1072 ut
705 1011 843 1075 homines
867 1015 906 1078 ad

107 1091 308 1158 Revelationis
338 1095 367 1157 dt
394 1092 531 1157 Rationis
560 1093 689 1157 duclum
718 1093 907 1175 sequendum

107 1179 260 1257 excitent,
289 1190 323 1241 ea’
343 1177 449 1240 finon
474 1174 573 1256 Deo,
601 1178 705 1240 saltem
735 1179 818 1240 bono
838 1180 906 1243 An-

107 1264 177 1343 gelo
192 1259 300 1323 merito
314 1261 494 1336 tribuimus;
522 1278 620 1337 neque
639 1261 721 1320 enim
743 1262 815 1320 mali
836 1261 904 1323 Ans.

56 1381 61 1389 ι
106 1345 189 1424 geli,
212 1344 324 1405 virtutis
339 1361 375 1404 ac
389 1344 498 1421 pietatis
512 1339 630 1418 hostes,
658 1352 691 1400 ut
711 1340 743 1400 iis
759 1341 903 1403 adhaerea·

105 1442 175 1487 mus
198 1443 345 1505 umquam
371 1428 494 1503 operam
513 1423 635 1485 dabunt.
672 1419 721 1484 -At
735 1419 761 1481 st
776 1437 903 1499 porten-

105 1520 175 1568 tum
190 1506 340 1587 ederetur,
355 1505 545 1587 cujusfinem
553 1502 744 1567 nullomodo
758 1504 903 1586 adseque-

105 1609 208 1652 remur
224 1636 233 1670 ,
257 1591 287 1654 id
304 1591 353 1652 cui
364 1590 453 1653 tribui
466 1601 614 1668 oporteret
629 1587 662 1651 in
676 1586 803 1650 dubium
817 1608 903 1652 revo-

105 1675 165 1735 cari
179 1671 280 1750 posset.

147 1757 195 1815 16.
224 1752 269 1815 Ex
284 1750 455 1833 hujusmodi
462 1752 560 1831 ctiam,
572 1754 744 1835 miraculo,
757 1752 847 1834 ‘quod
865 1752 902 1815 de

104 1838 245 1912 portentis
266 1832 465 1896 Etlinicorurn
492 1833 578 1912 supral
598 1835 750 1914 diximus,
780 1839 902 1897 nullum

106 1929 222 1977 certum
233 1916 302 1979 duci
318 1914 410 1993 pollet
424 1914 649 1978 consectarium.
678 1915 739 1979 Sed
754 1916 774 1978 fi
789 1919 855 1998 quis
864 1916 901 1980 ad

104 1998 242 2062 homines
264 1998 409 2061 erroribus
437 1996 563 2060 &vitiis
585 1999 755 2144 inguinatos
784 2001 899 2076 veniat,

105 2101 157 2145 eos
172 2082 209 2145 ad
223 2081 370 2144 saniorem
385 2092 520 2144 mentem
532 2080 617 2143 trado
650 2101 719 2145 urus
734 2102 743 2158 ;
771 2080 801 2144 ἃ
823 2079 901 2159 post·

105 2183 200 2244 quam
215 2165 318 2228 docuit
332 2162 405 2245 quid
419 2162 519 2242 credi,
547 2163 619 2243 quid
641 2163 703 2226 fieri
725 2165 808 2227 abiis
824 2161 901 2225 utic

105 2247 294 2310 &erroribus
309 2246 428 2310 &vitiis
443 2247 584 2326 liberent,
606 2258 758 2326 oporteat,
773 2246 856 2308 'dicat
871 2244 900 2307 st

105 2326 122 2388 ai
136 2325 207 2390 Deo
223 2330 376 2407 propterea
388 2326 527 2406 millum,
543 2328 572 2390 u
585 2341 799 2413 argumentum
814 2346 901 2390 man·

104 2408 245 2472 datorum
266 2408 283 2471 a
303 2407 374 2471 Deo
396 2423 590 2488 acceptorum
610 2424 781 2488 portentum
801 2409 901 2486 quod·

103 2493 184 2570 piam
198 2490 328 2554 subitum
342 2490 457 2552 editum
470 2493 503 2554 iri
519 2495 711 2572 pronunciet,
726 2490 817 2568 idque
831 2502 901 2552 cve-

104 2575 165 2637 niat
178 2622 188 2654 ,
203 2573 329 2638 dubium
344 2571 401 2634 effe
416 2591 482 2634 non
496 2573 588 2652 potest
602 2575 675 2653 quin
688 2590 795 2634 verum
810 2570 899 2635 dicat.

104 2653 193 2721 Nam
213 2677 269 2720 nec
283 2656 392 2738 Angeli
411 2656 484 2716 mali
505 2656 644 2721 doctrina
658 2672 732 2715 vcrae
748 2653 778 2716 dt
793 2652 901 2718 sanciat

104 2741 245 2821 pondus,
264 2740 345 2804 edito
359 2749 497 2817 portento
511 2759 522 2816 ;
550 2754 646 2819 neque
659 2733 745 2801 Deus
760 2751 811 2800 aut
825 2739 898 2823 boni

104 2818 215 2900 Angeli
244 2827 335 2902 plano
360 2838 395 2883 ac
420 2837 512 2898 pravo
540 2821 654 2884 homini
676 2817 897 2898 munitatem,

104 2903 222 3047 {rrbato
238 2919 390 2989 propterea
403 2914 513 2968 naturae
526 2904 648 2984 ordine,
664 2903 822 2968 conciliare
835 2903 898 2964 vel·

133 2995 174 3048 nt.

769 3079 817 3144 17.
831 3053 899 3127 Ne·
