1936 3526
121 222 170 274 22
220 198 541 273 Pru-numam.
565 201 684 271 Seill.
711 196 831 276 cm.

122 309 230 359 contra
236 294 467 374 conscientiam,
486 294 701 374 seuproprium
703 294 856 376 judicium
864 300 916 365 an·

121 392 169 443 tea
175 382 286 456 latum,
300 386 398 460 agere.
419 375 480 441 Sed
486 380 773 458 nrunquamoodem
779 395 919 464 tempore¹

120 450 331 608 ndffingi
339 458 472 541 respetlu
486 465 552 525 vult
568 461 764 546 denotatum,
783 465 918 531 ellenim·

120 561 182 607 con
286 563 307 607 o
332 562 396 609 um.
645 590 648 610 ,-
914 566 919 571 ·

159 645 211 690 21.
230 624 372 709 Dettique
389 629 551 708 queritur,
579 628 652 711 quid
674 629 707 692 stt
726 630 800 694 illud
814 629 912 710 ipsum

118 710 205 792 quod
219 710 290 775 facit
303 724 337 774 ut
351 710 512 793 quispiam,
545 714 672 792 exempli
685 713 773 777 causi
788 760 798 793 ,
825 717 912 779 malit

120 794 321 859 homicidium
343 796 557 873 committere,
575 796 679 877 quim
696 797 832 860 humano
845 797 912 860 san·

120 879 204 960 guini
217 896 335 958 parcere
350 876 362 939 ?
389 877 464 942 Hoc
475 895 512 940 ex
525 881 691 976 tranquillo
701 877 817 943 Mentis
830 878 916 959 judi·

119 979 193 1133 iii
206 959 752 1125 immittitis-illim?
772 978 913 1109 ,llll

116 1126 231 1205 Judicet
257 1128 365 1190 melius
377 1126 432 1191 elle
445 1128 602 1191 hominem
616 1128 795 1209 interficere,
816 1127 916 1208 quim·

119 1210 377 1288 noninterficere,
405 1229 470 1275 non
483 1212 564 1288 fluit3
590 1209 692 1274 sede'x
707 1209 833 1291 aneon,
861 1213 909 1274 cui

119 1291 235 1371 semper
247 1312 321 1357 cum
335 1296 488 1373 voluptate
504 1293 705 1377 indulgemus.
749 1293 813 1373 Qui
827 1296 924 1378 enim,

120 1373 160 1437 iri
177 1378 303 1454 percitus
325 1375 366 1439 est
381 1379 413 1438 in
434 1377 591 1456 aliquem,
618 1388 736 1455 propter
750 1391 909 1439 contume-

120 1458 194 1521 liam
206 1460 244 1521 ab
256 1476 296 1522 eo
309 1470 480 1542 acceptam,
500 1470 552 1520 aut
565 1459 638 1538 quid
653 1459 765 1542 fimile,
786 1458 907 1523 libenter

119 1539 150 1631 dt
165 1544 403 1623 cumvoluptate
417 1543 460 1607 illi
477 1539 649 1604 malefacit.¹
670 1542 755 1606 Hinc
769 1542 833 1606 sure·
844 1546 913 1623 ullo,

121 1624 233 1701 ludicio
248 1674 259 1704 ,
286 1644 329 1688 ex-
344 1628 460 1689 collatis
483 1624 554 1687 ideis
569 1627 694 1706 elicito,
714 1625 791 1688 dum
804 1628 846 1687 ira
859 1644 912 1687 ve-

120 1708 243 1802 hemens
258 1708 321 1784 est,
350 1710 438 1773 bruto
458 1709 551 1770 veluti
571 1709 685 1785 impetu
703 1712 780 1771 'eum
800 1708 915 1770 interm·

118 1804 167 1851 ert.

162 1885 212 1931 ιι.
233 1866 350 1933 Eadem
361 1869 404 1933 est
419 1871 494 1933 ratio
508 1871 667 1951 omnium,
691 1890 757 1951 quae
772 1871 833 1933 fine
847 1873 910 1936 c'er-

119 1953 154 2016 tis
176 1953 336 2017 rationibus
356 1954 508 2030 facimus3
536 1954 649 2031 impetu
671 1955 806 2034 quodam
829 1955 860 2016 in
875 1976 910 2019 ea

119 2036 258 2115 ferimur,
286 2049 402 2117 propter
416 2039 618 2116 voluptatem,
644 2057 738 2118 quam
750 2039 781 2100 in
797 2039 829 2100 iis
846 2056 911 2117 per·

120 2120 266 2198 penandir
281 2123 455 2201 experimur
496 2117 567 2184 Sola
582 2123 741 2201 voluptatis
757 2120 910 2206 cogitatio

119 2216 312 2348 peertoccupata
327 2201 422 2267 Mens
437 2242 448 2285 ,
482 2202 521 2267 ei>
536 2203 596 2267 stne
610 2206 741 2269 ulteriori
756 2207 907 2285 examine,

175 2305 220 2349 ur.

163 2385 211 2450 23·
242 2363 356 2447 Neque
383 2380 486 2431 tamen
505 2386 540 2433 ea
552 2370 692 2447 voluptas
709 2380 823 2431 tantam
843 2370 907 2430 vim

121 2449 230 2528 habet,
259 2461 293 2512 ut
313 2448 536 2515 ineludiabiliter
559 2448 703 2515 Mentem
715 2468 785 2512 eam
800 2451 830 2510 in
844 2467 908 2527 par-

120 2546 183 2597 tem
198 2530 314 2597 dedat:
344 2533 605 2614 quemadmodum
626 2530 720 2596 Meus
734 2529 909 2622 necessario,

122 2618 160 2682 ad
174 2617 339 2683 ornandum
351 2617 509 2682 summmn
522 2618 658 2696 bonum,
683 2615 792 2691 fertur3
821 2633 907 2695 cujus

121 2703 162 2764 rei
178 2703 237 2766 hoc
261 2714 377 2765 certum
400 2699 546 2765 iudicium
565 2700 716 2763 hebemus}
758 2695 789 2761 Si
809 2697 908 2763 alluo

120 2797 253 2849 voment
274 2803 381 2850 ornnes
395 2781 544 2863 Principes
557 2781 588 2846 dt
601 2779 660 2846 Ma
681 2781 688 2796 ⁹
743 2792 792 2871 tue
811 2784 907 2871 optari

120 2862 279 2931 summum
303 2871 444 2947 bonum,
473 2864 502 2928 dr
527 2864 656 2947 exquifi'
725 2863 733 2879 ⁰
762 2863 916 2946 suppliciis*

119 2967 172 3021 eos
187 2951 354 3033 afficerent,
381 2950 434 3034 qui
456 2962 557 3030 optare
582 2947 613 3012 se
628 2946 841 3013 beatitudinem
857 2950 910 3012 ali·

123 3029 311 3119 qud-afflone
324 3034 511 3115 testaceum,
532 3024 912 3178 qdmptimfimilliueigt·
