<?xml version="1.0" encoding="UTF-8"?>
<!DOCTYPE html PUBLIC "-//W3C//DTD XHTML 1.0 Transitional//EN"
    "http://www.w3.org/TR/xhtml1/DTD/xhtml1-transitional.dtd">
<html xmlns="http://www.w3.org/1999/xhtml" xml:lang="en" lang="en">
 <head>
  <title>
</title>
<meta http-equiv="Content-Type" content="text/html;charset=utf-8" />
  <meta name='ocr-system' content='tesseract 3.04.00' />
  <meta name='ocr-capabilities' content='ocr_page ocr_carea ocr_par ocr_line ocrx_word'/>
</head>
<body>
  <div class='ocr_page' id='page_1' title='image "./joannisclericio02clergoog_0161.png"; bbox 0 0 1928 3518; ppageno 0'>
   <div class='ocr_carea' id='block_1_1' title="bbox 73 142 841 271">
    <p class='ocr_par' dir='ltr' id='par_1_1' title="bbox 73 142 841 271">
     <span class='ocr_line' id='line_1_1' title="bbox 73 142 841 271; baseline 0.022 -34"><span class='ocrx_word' id='word_1_1' title='bbox 73 142 159 271; x_wconf 45' lang='lat'>&#39;138</span> <span class='ocrx_word' id='word_1_2' title='bbox 189 180 501 251; x_wconf 67' lang='lat' dir='ltr'>Pununrnnun.</span> <span class='ocrx_word' id='word_1_3' title='bbox 518 172 841 253; x_wconf 66' lang='lat' dir='ltr'>aanrrrcvllr.</span> 
     </span>
    </p>
   </div>
   <div class='ocr_carea' id='block_1_2' title="bbox 77 269 903 2828">
    <p class='ocr_par' dir='ltr' id='par_1_2' title="bbox 77 269 882 928">
     <span class='ocr_line' id='line_1_2' title="bbox 81 269 873 342; baseline 0.001 -4"><span class='ocrx_word' id='word_1_4' title='bbox 81 274 265 338; x_wconf 74' lang='lat' dir='ltr'>canstantem</span> <span class='ocrx_word' id='word_1_5' title='bbox 284 282 395 333; x_wconf 83' lang='lat' dir='ltr'>naturae</span> <span class='ocrx_word' id='word_1_6' title='bbox 414 287 516 330; x_wconf 89' lang='lat' dir='ltr'>rerum</span> <span class='ocrx_word' id='word_1_7' title='bbox 537 269 676 334; x_wconf 87' lang='lat' dir='ltr'>ordinem</span> <span class='ocrx_word' id='word_1_8' title='bbox 692 271 742 336; x_wconf 85' lang='lat' dir='ltr'>fit:</span> <span class='ocrx_word' id='word_1_9' title='bbox 765 273 873 342; x_wconf 80' lang='lat' dir='ltr'>IlLSi</span> 
     </span>
     <span class='ocr_line' id='line_1_3' title="bbox 79 351 876 437; baseline 0.006 -18"><span class='ocrx_word' id='word_1_10' title='bbox 79 358 160 437; x_wconf 86' lang='lat' dir='ltr'>quod</span> <span class='ocrx_word' id='word_1_11' title='bbox 176 403 185 434; x_wconf 83' lang='lat'>,</span> <span class='ocrx_word' id='word_1_12' title='bbox 215 354 246 415; x_wconf 92' lang='lat' dir='ltr'>in</span> <span class='ocrx_word' id='word_1_13' title='bbox 261 351 427 431; x_wconf 81' lang='lat' dir='ltr'>cujuspiam</span> <span class='ocrx_word' id='word_1_14' title='bbox 441 351 565 434; x_wconf 77' lang='lat' dir='ltr'>gratiam</span> <span class='ocrx_word' id='word_1_15' title='bbox 580 400 589 427; x_wconf 81' lang='lat'>‚</span> <span class='ocrx_word' id='word_1_16' title='bbox 613 352 830 421; x_wconf 90' lang='lat' dir='ltr'>deducendum</span> <span class='ocrx_word' id='word_1_17' title='bbox 843 380 876 423; x_wconf 81' lang='lat' dir='ltr'>ex</span> 
     </span>
     <span class='ocr_line' id='line_1_4' title="bbox 78 434 878 522; baseline 0.005 -21"><span class='ocrx_word' id='word_1_18' title='bbox 78 441 157 501; x_wconf 86' lang='lat' dir='ltr'>edito</span> <span class='ocrx_word' id='word_1_19' title='bbox 173 438 319 499; x_wconf 82' lang='lat' dir='ltr'>miraculo</span> <span class='ocrx_word' id='word_1_20' title='bbox 336 435 551 497; x_wconf 65' lang='lat' dir='ltr'>consectarium</span> <span class='ocrx_word' id='word_1_21' title='bbox 566 434 622 516; x_wconf 73' lang='lat' dir='ltr'>cll,</span> <span class='ocrx_word' id='word_1_22' title='bbox 640 438 668 498; x_wconf 88' lang='lat' dir='ltr'>id</span> <span class='ocrx_word' id='word_1_23' title='bbox 685 440 721 499; x_wconf 86' lang='lat' dir='ltr'>ab</span> <span class='ocrx_word' id='word_1_24' title='bbox 736 460 775 501; x_wconf 91' lang='lat' dir='ltr'>co</span> <span class='ocrx_word' id='word_1_25' title='bbox 793 442 878 522; x_wconf 81' lang='lat' dir='ltr'>cujus</span> 
     </span>
     <span class='ocr_line' id='line_1_5' title="bbox 77 518 879 601; baseline 0.006 -19"><span class='ocrx_word' id='word_1_26' title='bbox 77 523 226 600; x_wconf 77' lang='lat' dir='ltr'>potentia,</span> <span class='ocrx_word' id='word_1_27' title='bbox 240 533 290 582; x_wconf 87' lang='lat' dir='ltr'>aut</span> <span class='ocrx_word' id='word_1_28' title='bbox 305 520 335 580; x_wconf 91' lang='lat' dir='ltr'>iu</span> <span class='ocrx_word' id='word_1_29' title='bbox 345 518 430 599; x_wconf 87' lang='lat' dir='ltr'>cujus</span> <span class='ocrx_word' id='word_1_30' title='bbox 439 520 562 601; x_wconf 85' lang='lat' dir='ltr'>gratiam</span> <span class='ocrx_word' id='word_1_31' title='bbox 570 520 602 580; x_wconf 86' lang='lat' dir='ltr'>fit</span> <span class='ocrx_word' id='word_1_32' title='bbox 616 520 732 598; x_wconf 81' lang='lat' dir='ltr'>praedici</span> <span class='ocrx_word' id='word_1_33' title='bbox 740 570 749 601; x_wconf 78' lang='lat'>,</span> <span class='ocrx_word' id='word_1_34' title='bbox 765 526 879 587; x_wconf 82' lang='lat' dir='ltr'>autl&#39;al-</span> 
     </span>
     <span class='ocr_line' id='line_1_6' title="bbox 78 601 882 683; baseline 0.007 -20"><span class='ocrx_word' id='word_1_35' title='bbox 78 620 143 667; x_wconf 85' lang='lat' dir='ltr'>tem</span> <span class='ocrx_word' id='word_1_36' title='bbox 159 623 196 666; x_wconf 88' lang='lat' dir='ltr'>eo</span> <span class='ocrx_word' id='word_1_37' title='bbox 213 615 363 682; x_wconf 80' lang='lat' dir='ltr'>tempore,</span> <span class='ocrx_word' id='word_1_38' title='bbox 377 622 440 682; x_wconf 89' lang='lat' dir='ltr'>quo</span> <span class='ocrx_word' id='word_1_39' title='bbox 448 622 486 662; x_wconf 92' lang='lat' dir='ltr'>eo</span> <span class='ocrx_word' id='word_1_40' title='bbox 501 601 625 683; x_wconf 79' lang='lat' dir='ltr'><strong>indiget,</strong></span> <span class='ocrx_word' id='word_1_41' title='bbox 640 606 755 665; x_wconf 87' lang='lat' dir='ltr'>evenire</span> <span class='ocrx_word' id='word_1_42' title='bbox 765 606 882 669; x_wconf 71' lang='lat' dir='ltr'>ncceffi</span> 
     </span>
     <span class='ocr_line' id='line_1_7' title="bbox 81 685 881 770; baseline 0.005 -22"><span class='ocrx_word' id='word_1_43' title='bbox 81 688 130 749; x_wconf 81' lang='lat' dir='ltr'>cll.</span> <span class='ocrx_word' id='word_1_44' title='bbox 172 687 251 767; x_wconf 61' lang='lat' dir='ltr'>Qua,</span> <span class='ocrx_word' id='word_1_45' title='bbox 265 688 318 748; x_wconf 83' lang='lat' dir='ltr'>tria</span> <span class='ocrx_word' id='word_1_46' title='bbox 332 685 500 770; x_wconf 83' lang='lat' dir='ltr'>ling-illatim</span> <span class='ocrx_word' id='word_1_47' title='bbox 515 687 723 762; x_wconf 76' lang='lat' dir='ltr'>explicabimus</span> <span class='ocrx_word' id='word_1_48' title='bbox 738 734 746 765; x_wconf 83' lang='lat'>‚</span> <span class='ocrx_word' id='word_1_49' title='bbox 768 692 881 768; x_wconf 80' lang='lat' dir='ltr'>quippe</span> 
     </span>
     <span class='ocr_line' id='line_1_8' title="bbox 80 764 882 851; baseline 0.004 -19"><span class='ocrx_word' id='word_1_50' title='bbox 80 791 153 851; x_wconf 66' lang='lat' dir='ltr'>quaa</span> <span class='ocrx_word' id='word_1_51' title='bbox 163 770 327 846; x_wconf 76' lang='lat' dir='ltr'>solvendis,</span> <span class='ocrx_word' id='word_1_52' title='bbox 344 788 410 847; x_wconf 84' lang='lat' dir='ltr'>quae</span> <span class='ocrx_word' id='word_1_53' title='bbox 419 764 467 828; x_wconf 85' lang='lat' dir='ltr'>hic</span> <span class='ocrx_word' id='word_1_54' title='bbox 476 770 603 846; x_wconf 85' lang='lat' dir='ltr'>proponi</span> <span class='ocrx_word' id='word_1_55' title='bbox 617 768 731 850; x_wconf 81' lang='lat' dir='ltr'>solent,</span> <span class='ocrx_word' id='word_1_56' title='bbox 745 771 882 850; x_wconf 79' lang='lat' dir='ltr'>quaestio-</span> 
     </span>
     <span class='ocr_line' id='line_1_9' title="bbox 83 850 579 928; baseline -0.01 -13"><span class='ocrx_word' id='word_1_57' title='bbox 83 857 168 915; x_wconf 86' lang='lat' dir='ltr'>nibus</span> <span class='ocrx_word' id='word_1_58' title='bbox 183 851 260 913; x_wconf 86' lang='lat' dir='ltr'>haud</span> <span class='ocrx_word' id='word_1_59' title='bbox 276 869 382 928; x_wconf 86' lang='lat' dir='ltr'>parurn</span> <span class='ocrx_word' id='word_1_60' title='bbox 398 850 579 911; x_wconf 71' lang='lat' dir='ltr'><strong>conducant.</strong></span> 
     </span>
    </p>

    <p class='ocr_par' dir='ltr' id='par_1_3' title="bbox 81 932 895 1919">
     <span class='ocr_line' id='line_1_10' title="bbox 125 932 879 1016; baseline 0.009 -24"><span class='ocrx_word' id='word_1_61' title='bbox 125 953 152 1015; x_wconf 82' lang='lat'>3.</span> <span class='ocrx_word' id='word_1_62' title='bbox 182 933 320 993; x_wconf 68' lang='lat' dir='ltr'>Primum</span> <span class='ocrx_word' id='word_1_63' title='bbox 336 951 422 1016; x_wconf 86' lang='lat' dir='ltr'>erg0,</span> <span class='ocrx_word' id='word_1_64' title='bbox 438 933 621 992; x_wconf 83' lang='lat' dir='ltr'>miraculum</span> <span class='ocrx_word' id='word_1_65' title='bbox 636 951 700 994; x_wconf 93' lang='lat' dir='ltr'>non</span> <span class='ocrx_word' id='word_1_66' title='bbox 713 932 839 1015; x_wconf 87' lang='lat' dir='ltr'>dieitur,</span> <span class='ocrx_word' id='word_1_67' title='bbox 860 937 879 998; x_wconf 89' lang='lat' dir='ltr'>sl</span> 
     </span>
     <span class='ocr_line' id='line_1_11' title="bbox 81 1014 886 1099; baseline -0.002 -21"><span class='ocrx_word' id='word_1_68' title='bbox 81 1021 147 1097; x_wconf 92' lang='lat' dir='ltr'>quis</span> <span class='ocrx_word' id='word_1_69' title='bbox 163 1016 375 1096; x_wconf 75' lang='lat' dir='ltr'>quadringenta</span> <span class='ocrx_word' id='word_1_70' title='bbox 390 1014 495 1093; x_wconf 89' lang='lat' dir='ltr'>pondo</span> <span class='ocrx_word' id='word_1_71' title='bbox 510 1014 640 1076; x_wconf 85' lang='lat' dir='ltr'>humeris</span> <span class='ocrx_word' id='word_1_72' title='bbox 654 1015 728 1077; x_wconf 86' lang='lat' dir='ltr'>ferat</span> <span class='ocrx_word' id='word_1_73' title='bbox 743 1062 753 1095; x_wconf 84' lang='lat'>,</span> <span class='ocrx_word' id='word_1_74' title='bbox 783 1037 886 1099; x_wconf 85' lang='lat' dir='ltr'>neque.</span> 
     </span>
     <span class='ocr_line' id='line_1_12' title="bbox 81 1096 882 1182; baseline 0.001 -18"><span class='ocrx_word' id='word_1_75' title='bbox 81 1103 165 1165; x_wconf 86' lang='lat' dir='ltr'>euim</span> <span class='ocrx_word' id='word_1_76' title='bbox 186 1101 245 1162; x_wconf 80' lang='lat' dir='ltr'>lroc</span> <span class='ocrx_word' id='word_1_77' title='bbox 267 1099 380 1161; x_wconf 81' lang='lat' dir='ltr'>excedit</span> <span class='ocrx_word' id='word_1_78' title='bbox 400 1099 476 1160; x_wconf 88' lang='lat' dir='ltr'>vires</span> <span class='ocrx_word' id='word_1_79' title='bbox 497 1099 653 1160; x_wconf 84' lang='lat' dir='ltr'>humanas.</span> <span class='ocrx_word' id='word_1_80' title='bbox 702 1096 761 1163; x_wconf 87' lang='lat' dir='ltr'>Sed</span> <span class='ocrx_word' id='word_1_81' title='bbox 781 1100 882 1182; x_wconf 84' lang='lat' dir='ltr'>ssquis</span> 
     </span>
     <span class='ocr_line' id='line_1_13' title="bbox 84 1179 884 1270; baseline 0.003 -24"><span class='ocrx_word' id='word_1_82' title='bbox 84 1185 199 1265; x_wconf 89' lang='lat' dir='ltr'>aliquot</span> <span class='ocrx_word' id='word_1_83' title='bbox 213 1183 335 1245; x_wconf 84' lang='lat' dir='ltr'>millena</span> <span class='ocrx_word' id='word_1_84' title='bbox 350 1180 454 1260; x_wconf 87' lang='lat' dir='ltr'>pondo</span> <span class='ocrx_word' id='word_1_85' title='bbox 469 1179 627 1263; x_wconf 84' lang='lat' dir='ltr'>bajularet,</span> <span class='ocrx_word' id='word_1_86' title='bbox 642 1181 827 1270; x_wconf 82' lang='lat' dir='ltr'>miraculum</span> <span class='ocrx_word' id='word_1_87' title='bbox 834 1184 884 1248; x_wconf 84' lang='lat' dir='ltr'>ha-</span> 
     </span>
     <span class='ocr_line' id='line_1_14' title="bbox 85 1262 885 1346; baseline -0.003 -16"><span class='ocrx_word' id='word_1_88' title='bbox 85 1269 217 1346; x_wconf 68' lang='lat' dir='ltr'>lueretur,</span> <span class='ocrx_word' id='word_1_89' title='bbox 240 1266 259 1327; x_wconf 84' lang='lat' dir='ltr'>fi</span> <span class='ocrx_word' id='word_1_90' title='bbox 277 1262 416 1328; x_wconf 86' lang='lat' dir='ltr'>modo&amp;</span> <span class='ocrx_word' id='word_1_91' title='bbox 432 1264 487 1326; x_wconf 83' lang='lat' dir='ltr'>alia</span> <span class='ocrx_word' id='word_1_92' title='bbox 501 1309 526 1341; x_wconf 79' lang='lat'>„.</span> <span class='ocrx_word' id='word_1_93' title='bbox 534 1262 600 1344; x_wconf 77' lang='lat' dir='ltr'>quae</span> <span class='ocrx_word' id='word_1_94' title='bbox 615 1262 778 1340; x_wconf 72' lang='lat' dir='ltr'>adjecimus</span> <span class='ocrx_word' id='word_1_95' title='bbox 792 1312 802 1343; x_wconf 87' lang='lat'>,</span> <span class='ocrx_word' id='word_1_96' title='bbox 832 1266 885 1330; x_wconf 83' lang='lat' dir='ltr'>ad·</span> 
     </span>
     <span class='ocr_line' id='line_1_15' title="bbox 84 1342 885 1424; baseline -0.001 -11"><span class='ocrx_word' id='word_1_97' title='bbox 84 1348 174 1413; x_wconf 74' lang='lat' dir='ltr'>client·</span> <span class='ocrx_word' id='word_1_98' title='bbox 190 1349 296 1411; x_wconf 84' lang='lat' dir='ltr'>indicia</span> <span class='ocrx_word' id='word_1_99' title='bbox 311 1366 319 1422; x_wconf 91' lang='lat'>;</span> <span class='ocrx_word' id='word_1_100' title='bbox 347 1343 388 1407; x_wconf 86' lang='lat' dir='ltr'>eli</span> <span class='ocrx_word' id='word_1_101' title='bbox 402 1346 484 1407; x_wconf 87' lang='lat' dir='ltr'>enim</span> <span class='ocrx_word' id='word_1_102' title='bbox 504 1345 621 1424; x_wconf 85' lang='lat' dir='ltr'>prorsus</span> <span class='ocrx_word' id='word_1_103' title='bbox 636 1342 722 1422; x_wconf 87' lang='lat' dir='ltr'>supra</span> <span class='ocrx_word' id='word_1_104' title='bbox 736 1344 885 1412; x_wconf 84' lang='lat' dir='ltr'>humanas</span> 
     </span>
     <span class='ocr_line' id='line_1_16' title="bbox 85 1426 895 1513; baseline 0.002 -21"><span class='ocrx_word' id='word_1_105' title='bbox 85 1433 161 1494; x_wconf 87' lang='lat' dir='ltr'>vires</span> <span class='ocrx_word' id='word_1_106' title='bbox 175 1444 293 1494; x_wconf 89' lang='lat' dir='ltr'>tantum</span> <span class='ocrx_word' id='word_1_107' title='bbox 308 1427 426 1507; x_wconf 81' lang='lat' dir='ltr'>pondus</span> <span class='ocrx_word' id='word_1_108' title='bbox 443 1428 573 1491; x_wconf 85' lang='lat' dir='ltr'>humeris¹</span> <span class='ocrx_word' id='word_1_109' title='bbox 588 1445 694 1513; x_wconf 79' lang='lat' dir='ltr'>gerere.</span> <span class='ocrx_word' id='word_1_110' title='bbox 737 1426 817 1492; x_wconf 89' lang='lat' dir='ltr'>Sunt</span> <span class='ocrx_word' id='word_1_111' title='bbox 831 1433 895 1511; x_wconf 63' lang='lat' dir='ltr'>qui·</span> 
     </span>
     <span class='ocr_line' id='line_1_17' title="bbox 86 1508 884 1594; baseline 0.003 -19"><span class='ocrx_word' id='word_1_112' title='bbox 86 1515 393 1594; x_wconf 81' lang='lat' dir='ltr'>velint‚.miraculum</span> <span class='ocrx_word' id='word_1_113' title='bbox 406 1508 594 1591; x_wconf 69' lang='lat' dir='ltr'>dici&#39;proprie</span> <span class='ocrx_word' id='word_1_114' title='bbox 609 1529 673 1575; x_wconf 91' lang='lat' dir='ltr'>non</span> <span class='ocrx_word' id='word_1_115' title='bbox 686 1510 770 1591; x_wconf 92' lang='lat' dir='ltr'>quod</span> <span class='ocrx_word' id='word_1_116' title='bbox 786 1512 884 1577; x_wconf 90' lang='lat' dir='ltr'>homi·</span> 
     </span>
     <span class='ocr_line' id='line_1_18' title="bbox 87 1591 883 1675; baseline 0 -15"><span class='ocrx_word' id='word_1_117' title='bbox 87 1617 165 1662; x_wconf 89' lang='lat' dir='ltr'>num</span> <span class='ocrx_word' id='word_1_118' title='bbox 178 1597 347 1675; x_wconf 82' lang='lat' dir='ltr'>dumtaxat,</span> <span class='ocrx_word' id='word_1_119' title='bbox 362 1594 411 1657; x_wconf 93' lang='lat' dir='ltr'>sed</span> <span class='ocrx_word' id='word_1_120' title='bbox 426 1591 638 1659; x_wconf 86' lang='lat' dir='ltr'>Creaturarum</span> <span class='ocrx_word' id='word_1_121' title='bbox 652 1596 794 1658; x_wconf 91' lang='lat' dir='ltr'>omnium</span> <span class='ocrx_word' id='word_1_122' title='bbox 807 1597 883 1660; x_wconf 86' lang='lat' dir='ltr'>vires</span> 
     </span>
     <span class='ocr_line' id='line_1_19' title="bbox 85 1675 881 1758; baseline -0.001 -16"><span class='ocrx_word' id='word_1_123' title='bbox 85 1680 216 1758; x_wconf 83' lang='lat' dir='ltr'>superat,</span> <span class='ocrx_word' id='word_1_124' title='bbox 231 1680 438 1757; x_wconf 70' lang='lat' dir='ltr'>infinitamque</span> <span class='ocrx_word' id='word_1_125' title='bbox 446 1679 611 1756; x_wconf 83' lang='lat' dir='ltr'>potentiam</span> <span class='ocrx_word' id='word_1_126' title='bbox 617 1675 776 1742; x_wconf 77' lang='lat' dir='ltr'>necessarii&gt;</span> <span class='ocrx_word' id='word_1_127' title='bbox 783 1677 881 1758; x_wconf 87' lang='lat' dir='ltr'>postu-</span> 
     </span>
     <span class='ocr_line' id='line_1_20' title="bbox 87 1757 883 1842; baseline 0.009 -24"><span class='ocrx_word' id='word_1_128' title='bbox 87 1764 136 1830; x_wconf 75' lang='lat' dir='ltr'>lan</span> <span class='ocrx_word' id='word_1_129' title='bbox 166 1757 883 1842; x_wconf 66' lang='lat' dir='ltr'>Venlmeosfauitnsequenuuus‚..untdeauelu</span> 
     </span>
     <span class='ocr_line' id='line_1_21' title="bbox 84 1838 795 1919; baseline 0.008 -18"><span class='ocrx_word' id='word_1_130' title='bbox 84 1838 573 1919; x_wconf 80' lang='lat' dir='ltr'>remiraculorum,ostendemus.</span> <span class='ocrx_word' id='word_1_131' title='bbox 792 1902 795 1907; x_wconf 90' lang='lat'><em>.</em></span> 
     </span>
    </p>

    <p class='ocr_par' dir='ltr' id='par_1_4' title="bbox 86 1920 903 2828">
     <span class='ocr_line' id='line_1_22' title="bbox 125 1920 883 2006; baseline 0.009 -22"><span class='ocrx_word' id='word_1_132' title='bbox 125 1940 156 2002; x_wconf 92' lang='lat'>4.</span> <span class='ocrx_word' id='word_1_133' title='bbox 185 1920 298 1986; x_wconf 88' lang='lat' dir='ltr'>Interea</span> <span class='ocrx_word' id='word_1_134' title='bbox 310 1923 381 1985; x_wconf 90' lang='lat' dir='ltr'>hinc</span> <span class='ocrx_word' id='word_1_135' title='bbox 395 1922 536 2006; x_wconf 86' lang='lat' dir='ltr'>colligere</span> <span class='ocrx_word' id='word_1_136' title='bbox 550 1923 696 1989; x_wconf 88' lang='lat' dir='ltr'>indicium</span> <span class='ocrx_word' id='word_1_137' title='bbox 712 1923 883 2006; x_wconf 76' lang='lat' dir='ltr'>possumus,</span> 
     </span>
     <span class='ocr_line' id='line_1_23' title="bbox 87 2003 882 2088; baseline -0.008 -16"><span class='ocrx_word' id='word_1_138' title='bbox 87 2024 151 2086; x_wconf 84' lang='lat' dir='ltr'>quo</span> <span class='ocrx_word' id='word_1_139' title='bbox 165 2004 238 2069; x_wconf 78' lang='lat' dir='ltr'>falsa</span> <span class='ocrx_word' id='word_1_140' title='bbox 252 2006 396 2069; x_wconf 85' lang='lat' dir='ltr'>miracula</span> <span class='ocrx_word' id='word_1_141' title='bbox 413 2003 430 2067; x_wconf 77' lang='lat' dir='ltr'>d</span> <span class='ocrx_word' id='word_1_142' title='bbox 444 2008 519 2070; x_wconf 85' lang='lat' dir='ltr'>veris</span> <span class='ocrx_word' id='word_1_143' title='bbox 535 2005 646 2071; x_wconf 88' lang='lat' dir='ltr'>secerni</span> <span class='ocrx_word' id='word_1_144' title='bbox 660 2008 734 2087; x_wconf 84' lang='lat' dir='ltr'>saepe</span> <span class='ocrx_word' id='word_1_145' title='bbox 755 2008 882 2088; x_wconf 81' lang='lat' dir='ltr'>possunt.</span> 
     </span>
     <span class='ocr_line' id='line_1_24' title="bbox 88 2088 894 2172; baseline 0.004 -20"><span class='ocrx_word' id='word_1_146' title='bbox 88 2088 185 2170; x_wconf 86' lang='lat' dir='ltr'>Quod</span> <span class='ocrx_word' id='word_1_147' title='bbox 198 2089 279 2170; x_wconf 80' lang='lat' dir='ltr'>quast</span> <span class='ocrx_word' id='word_1_148' title='bbox 295 2091 477 2157; x_wconf 75' lang='lat' dir='ltr'>miraculum</span> <span class='ocrx_word' id='word_1_149' title='bbox 490 2089 677 2172; x_wconf 84' lang='lat' dir='ltr'>venditatur,</span> <span class='ocrx_word' id='word_1_150' title='bbox 699 2091 810 2154; x_wconf 88' lang='lat' dir='ltr'>srvircs</span> <span class='ocrx_word' id='word_1_151' title='bbox 831 2093 894 2155; x_wconf 82' lang='lat' dir='ltr'>lut·-</span> 
     </span>
     <span class='ocr_line' id='line_1_25' title="bbox 87 2171 897 2256; baseline 0.001 -24"><span class='ocrx_word' id='word_1_152' title='bbox 87 2172 191 2236; x_wconf 80' lang='lat' dir='ltr'>manas</span> <span class='ocrx_word' id='word_1_153' title='bbox 200 2192 264 2239; x_wconf 80' lang='lat' dir='ltr'>nun</span> <span class='ocrx_word' id='word_1_154' title='bbox 271 2172 402 2254; x_wconf 86' lang='lat' dir='ltr'>superet,</span> <span class='ocrx_word' id='word_1_155' title='bbox 415 2186 466 2237; x_wconf 89' lang='lat' dir='ltr'>aut</span> <span class='ocrx_word' id='word_1_156' title='bbox 472 2171 610 2238; x_wconf 72' lang='lat' dir='ltr'>numam</span> <span class='ocrx_word' id='word_1_157' title='bbox 625 2186 685 2239; x_wconf 84' lang='lat' dir='ltr'>arte</span> <span class='ocrx_word' id='word_1_158' title='bbox 700 2175 897 2256; x_wconf 52' lang='lat' dir='ltr'>fieri-queam.</span> 
     </span>
     <span class='ocr_line' id='line_1_26' title="bbox 86 2252 885 2337; baseline 0.009 -25"><span class='ocrx_word' id='word_1_159' title='bbox 86 2252 117 2312; x_wconf 92' lang='lat' dir='ltr'>id</span> <span class='ocrx_word' id='word_1_160' title='bbox 131 2252 302 2329; x_wconf 68' lang='lat' dir='ltr'>suspectum</span> <span class='ocrx_word' id='word_1_161' title='bbox 314 2253 481 2321; x_wconf 64' lang='lat' dir='ltr'>effa-debet.</span> <span class='ocrx_word' id='word_1_162' title='bbox 520 2252 658 2337; x_wconf 80' lang='lat' dir='ltr'>Exempli</span> <span class='ocrx_word' id='word_1_163' title='bbox 673 2254 777 2334; x_wconf 80' lang='lat' dir='ltr'>causd,</span> <span class='ocrx_word' id='word_1_164' title='bbox 800 2258 885 2337; x_wconf 92' lang='lat' dir='ltr'>quid·</span> 
     </span>
     <span class='ocr_line' id='line_1_27' title="bbox 86 2332 887 2419; baseline 0.014 -28"><span class='ocrx_word' id='word_1_165' title='bbox 86 2332 192 2410; x_wconf 85' lang='lat' dir='ltr'>piam,</span> <span class='ocrx_word' id='word_1_166' title='bbox 220 2336 306 2412; x_wconf 89' lang='lat' dir='ltr'>quod</span> <span class='ocrx_word' id='word_1_167' title='bbox 326 2337 572 2419; x_wconf 75' lang='lat' dir='ltr'>humanoeapiti</span> <span class='ocrx_word' id='word_1_168' title='bbox 593 2339 687 2402; x_wconf 84' lang='lat' dir='ltr'>simile</span> <span class='ocrx_word' id='word_1_169' title='bbox 700 2338 757 2414; x_wconf 79' lang='lat' dir='ltr'>sat,</span> <span class='ocrx_word' id='word_1_170' title='bbox 787 2339 887 2402; x_wconf 87' lang='lat' dir='ltr'>incor-</span> 
     </span>
     <span class='ocr_line' id='line_1_28' title="bbox 86 2415 887 2501; baseline -0.002 -21"><span class='ocrx_word' id='word_1_171' title='bbox 86 2426 209 2495; x_wconf 88' lang='lat' dir='ltr'>ruptum</span> <span class='ocrx_word' id='word_1_172' title='bbox 222 2431 282 2492; x_wconf 43' lang='lat' dir='ltr'>pers</span> <span class='ocrx_word' id='word_1_173' title='bbox 288 2417 403 2501; x_wconf 84' lang='lat' dir='ltr'>aliquot</span> <span class='ocrx_word' id='word_1_174' title='bbox 416 2420 523 2484; x_wconf 84' lang='lat' dir='ltr'>saeeula</span> <span class='ocrx_word' id='word_1_175' title='bbox 539 2419 651 2489; x_wconf 80' lang='lat' dir='ltr'>servare</span> <span class='ocrx_word' id='word_1_176' title='bbox 664 2437 727 2480; x_wconf 88' lang='lat' dir='ltr'>non</span> <span class='ocrx_word' id='word_1_177' title='bbox 742 2415 783 2477; x_wconf 90' lang='lat' dir='ltr'>est</span> <span class='ocrx_word' id='word_1_178' title='bbox 798 2419 887 2496; x_wconf 79' lang='lat' dir='ltr'>supra</span> 
     </span>
     <span class='ocr_line' id='line_1_29' title="bbox 88 2498 903 2582; baseline 0 -20"><span class='ocrx_word' id='word_1_179' title='bbox 88 2498 252 2562; x_wconf 83' lang='lat' dir='ltr'>humanam</span> <span class='ocrx_word' id='word_1_180' title='bbox 266 2510 361 2563; x_wconf 82' lang='lat' dir='ltr'>anem</span> <span class='ocrx_word' id='word_1_181' title='bbox 376 2500 514 2579; x_wconf 75' lang='lat' dir='ltr'>pufitum.</span> <span class='ocrx_word' id='word_1_182' title='bbox 543 2500 675 2569; x_wconf 82' lang='lat' dir='ltr'>Geremn</span> <span class='ocrx_word' id='word_1_183' title='bbox 689 2499 771 2561; x_wconf 92' lang='lat' dir='ltr'>enim</span> <span class='ocrx_word' id='word_1_184' title='bbox 782 2500 886 2582; x_wconf 72' lang='lat' dir='ltr'>effingi</span> <span class='ocrx_word' id='word_1_185' title='bbox 900 2514 903 2521; x_wconf 88' lang='lat'>·</span> 
     </span>
     <span class='ocr_line' id='line_1_30' title="bbox 90 2579 887 2665; baseline 0.001 -20"><span class='ocrx_word' id='word_1_186' title='bbox 90 2596 177 2665; x_wconf 84' lang='lat' dir='ltr'>caput</span> <span class='ocrx_word' id='word_1_187' title='bbox 191 2579 301 2664; x_wconf 85' lang='lat' dir='ltr'>potest,</span> <span class='ocrx_word' id='word_1_188' title='bbox 315 2581 573 2663; x_wconf 74' lang='lat' dir='ltr'>humano-simile,</span> <span class='ocrx_word' id='word_1_189' title='bbox 587 2581 621 2649; x_wconf 76' lang='lat' dir='ltr'>dt.</span> <span class='ocrx_word' id='word_1_190' title='bbox 630 2581 714 2662; x_wconf 89' lang='lat' dir='ltr'>quod</span> <span class='ocrx_word' id='word_1_191' title='bbox 730 2599 828 2645; x_wconf 86' lang='lat' dir='ltr'>annos</span> <span class='ocrx_word' id='word_1_192' title='bbox 844 2585 887 2646; x_wconf 90' lang='lat' dir='ltr'>fe-</span> 
     </span>
     <span class='ocr_line' id='line_1_31' title="bbox 90 2662 886 2749; baseline -0.001 -19"><span class='ocrx_word' id='word_1_193' title='bbox 90 2681 142 2735; x_wconf 85' lang='lat' dir='ltr'>ret.</span> <span class='ocrx_word' id='word_1_194' title='bbox 185 2667 286 2747; x_wconf 84' lang='lat' dir='ltr'>ltaque</span> <span class='ocrx_word' id='word_1_195' title='bbox 302 2678 369 2729; x_wconf 87' lang='lat' dir='ltr'>ante</span> <span class='ocrx_word' id='word_1_196' title='bbox 383 2667 488 2729; x_wconf 83' lang='lat' dir='ltr'>omnia</span> <span class='ocrx_word' id='word_1_197' title='bbox 502 2662 717 2749; x_wconf 73' lang='lat' dir='ltr'>diligentiffime</span> <span class='ocrx_word' id='word_1_198' title='bbox 733 2664 886 2744; x_wconf 83' lang='lat' dir='ltr'>inquiren-</span> 
     </span>
     <span class='ocr_line' id='line_1_32' title="bbox 91 2745 891 2828; baseline -0.006 -16"><span class='ocrx_word' id='word_1_199' title='bbox 91 2752 168 2814; x_wconf 92' lang='lat' dir='ltr'>dum</span> <span class='ocrx_word' id='word_1_200' title='bbox 183 2772 222 2816; x_wconf 89' lang='lat' dir='ltr'>an</span> <span class='ocrx_word' id='word_1_201' title='bbox 235 2770 300 2815; x_wconf 91' lang='lat' dir='ltr'>non</span> <span class='ocrx_word' id='word_1_202' title='bbox 315 2766 376 2827; x_wconf 79' lang='lat' dir='ltr'>art,</span> <span class='ocrx_word' id='word_1_203' title='bbox 390 2760 439 2811; x_wconf 88' lang='lat' dir='ltr'>aut</span> <span class='ocrx_word' id='word_1_204' title='bbox 452 2745 531 2809; x_wconf 81' lang='lat' dir='ltr'>fraus</span> <span class='ocrx_word' id='word_1_205' title='bbox 546 2749 651 2824; x_wconf 84' lang='lat' dir='ltr'>lateat3</span> <span class='ocrx_word' id='word_1_206' title='bbox 665 2746 751 2828; x_wconf 91' lang='lat' dir='ltr'>quod</span> <span class='ocrx_word' id='word_1_207' title='bbox 760 2766 891 2813; x_wconf 81' lang='lat' dir='ltr'>exanren.</span> 
     </span>
    </p>
   </div>
   <div class='ocr_carea' id='block_1_3' title="bbox 30 2830 887 2977">
    <p class='ocr_par' dir='ltr' id='par_1_5' title="bbox 30 2830 887 2977">
     <span class='ocr_line' id='line_1_33' title="bbox 30 2830 887 2977; baseline -0.007 -78"><span class='ocrx_word' id='word_1_208' title='bbox 30 2838 33 2843; x_wconf 80' lang='grc'>’</span> <span class='ocrx_word' id='word_1_209' title='bbox 92 2831 198 2899; x_wconf 72' lang='lat' dir='ltr'>stinire</span> <span class='ocrx_word' id='word_1_210' title='bbox 212 2854 276 2899; x_wconf 93' lang='lat' dir='ltr'>non</span> <span class='ocrx_word' id='word_1_211' title='bbox 292 2835 391 2911; x_wconf 82' lang='lat' dir='ltr'>liceat,</span> <span class='ocrx_word' id='word_1_212' title='bbox 412 2843 462 2894; x_wconf 85' lang='lat' dir='ltr'>aut</span> <span class='ocrx_word' id='word_1_213' title='bbox 480 2830 578 2892; x_wconf 81' lang='lat' dir='ltr'>resin</span> <span class='ocrx_word' id='word_1_214' title='bbox 596 2831 701 2895; x_wconf 91' lang='lat' dir='ltr'>medio</span> <span class='ocrx_word' id='word_1_215' title='bbox 717 2831 887 2977; x_wconf 46' lang='lat' dir='ltr'>relinguen·</span> 
     </span>
    </p>
   </div>
   <div class='ocr_carea' id='block_1_4' title="bbox 813 2915 888 2973">
    <p class='ocr_par' dir='ltr' id='par_1_6' title="bbox 813 2915 888 2973">
     <span class='ocr_line' id='line_1_34' title="bbox 813 2915 888 2973; baseline 0 -43"><span class='ocrx_word' id='word_1_216' title='bbox 813 2915 888 2973; x_wconf 42' lang='grc' dir='ltr'>.ηο</span> 
     </span>
    </p>
   </div>
   <div class='ocr_carea' id='block_1_5' title="bbox 90 2911 790 2998">
    <p class='ocr_par' dir='ltr' id='par_1_7' title="bbox 90 2911 790 2998">
     <span class='ocr_line' id='line_1_35' title="bbox 90 2911 790 2998; baseline 0.006 -23"><span class='ocrx_word' id='word_1_217' title='bbox 90 2911 146 2990; x_wconf 83' lang='lat' dir='ltr'>da,</span> <span class='ocrx_word' id='word_1_218' title='bbox 168 2928 218 2975; x_wconf 87' lang='lat' dir='ltr'>aut</span> <span class='ocrx_word' id='word_1_219' title='bbox 233 2915 364 2998; x_wconf 72' lang='lat' dir='ltr'>suspeela</span> <span class='ocrx_word' id='word_1_220' title='bbox 377 2912 531 2994; x_wconf 80' lang='lat' dir='ltr'>habenda,</span> <span class='ocrx_word' id='word_1_221' title='bbox 552 2912 573 2978; x_wconf 82' lang='lat' dir='ltr'>st</span> <span class='ocrx_word' id='word_1_222' title='bbox 584 2913 643 2984; x_wconf 83' lang='lat' dir='ltr'>lint</span> <span class='ocrx_word' id='word_1_223' title='bbox 656 2913 790 2997; x_wconf 79' lang='lat' dir='ltr'>suspicata</span> 
     </span>
    </p>
   </div>
   <div class='ocr_carea' id='block_1_6' title="bbox 92 2997 904 3162">
    <p class='ocr_par' dir='ltr' id='par_1_8' title="bbox 92 2997 904 3162">
     <span class='ocr_line' id='line_1_36' title="bbox 92 2997 211 3067; baseline -0.017 -8"><span class='ocrx_word' id='word_1_224' title='bbox 92 2997 194 3067; x_wconf 75' lang='lat' dir='ltr'>dures.</span> <span class='ocrx_word' id='word_1_225' title='bbox 207 3054 211 3066; x_wconf 82' lang='grc'><strong>,</strong></span> 
     </span>
     <span class='ocr_line' id='line_1_37' title="bbox 793 3074 904 3162; baseline 0.027 -38"><span class='ocrx_word' id='word_1_226' title='bbox 793 3090 823 3162; x_wconf 68' lang='lat'>53</span> <span class='ocrx_word' id='word_1_227' title='bbox 839 3074 904 3138; x_wconf 69' lang='lat' dir='ltr'>Se..</span> 
     </span>
    </p>
   </div>
   <div class='ocr_carea' id='block_1_7' title="bbox 0 0 982 3518">
    <p class='ocr_par' dir='ltr' id='par_1_9' title="bbox 0 0 982 3518">
     <span class='ocr_line' id='line_1_38' title="bbox 0 0 982 3518; baseline 0 0"><span class='ocrx_word' id='word_1_228' title='bbox 0 0 982 3518; x_wconf 95' lang='lat' dir='ltr'> </span> 
     </span>
    </p>
   </div>
  </div>
 </body>
</html>
